2406 3788
102 175 183 258 584]
306 237 308 241 ,
530 179 685 240 NOTES
1047 195 1100 251 177

103 309 157 369 §98
174 306 356 356 insatiabili
371 308 497 363 uarietate,
511 307 575 358 Hor.
590 307 641 358 Od.
654 319 664 356 1
678 322 701 369 3,
711 321 741 357 11
753 323 837 356 oceano
852 307 1046 366 dissociabili,
1060 306 1101 356 i.e.

105 372 156 435 qui
168 372 329 431 dissociat,
340 374 415 436 Verg.
426 373 491 421 Aen.
500 384 520 420 x
529 376 574 432 481
582 373 771 436 penetrabile
781 373 863 429 telum,
872 372 913 421 ie.
926 372 1003 436 quod
1016 387 1103 435 peue-

104 444 180 496 trat3
197 452 238 485 see
250 437 341 485 Munro
353 444 379 485 to
391 438 465 486 Lucr.
479 448 489 485 1
501 452 525 484 v.
541 451 579 494 11,
592 437 713 499 Nigelsb.
727 436 769 487 lat.
785 437 842 488 Stil.
854 452 879 500 p.
894 451 949 497 311.
975 436 1024 485 We
1034 436 1102 485 11111

103 502 166 550 from
184 501 227 550 the
245 501 313 550 Brut.
335 503 348 560 5
366 515 412 564 190
430 502 484 550 that
503 500 528 548 in
545 517 614 550 cases
631 501 704 550 when
722 501 792 550 there
809 516 874 549 were
891 500 985 550 several
1002 501 1102 549 counsel

103 565 223 628 engaged,
234 566 277 614 the
283 566 408 628 peroratio
418 581 470 614 was
482 565 525 613 lest
537 572 563 614 to
575 565 642 614 Cios
658 565 706 628 qni
716 564 888 628 (Hortensius)
899 581 955 612 cum
961 565 1104 627 partiretur

103 637 180 742 teclam
185 644 285 742 ausa*
291 629 460 694 perorandi
468 630 556 689 locum,
571 629 617 678 ubi
620 630 766 693 plurimum
772 630 849 694 pollet
858 630 943 688 oratio,
954 636 1049 693 semper
1057 629 1105 678 tibi

105 711 132 743 re
141 695 184 758 inq
226 701 262 745 at.

149 808 169 854 1.
189 811 228 854 ts.
266 806 616 867 declamatorabrhetore,
642 806 674 855 ‘a
695 801 872 864 rhetorician3'
894 805 937 854 the
959 804 1028 854 word
1050 803 1102 852 first

103 887 174 919 came
190 871 243 919 into
258 886 339 934 vogue
353 871 380 919 in
391 871 440 920 this
456 887 528 921 sense
540 872 568 921 in
583 869 693 920 Cicero’s
710 871 777 931 time,
791 886 832 920 see
844 870 906 919 Otto
918 869 982 918 Iahn
993 877 1099 921 onorat.

103 939 116 994 5
128 951 158 998 47
171 952 221 983 non
232 936 297 983 enim
308 936 534 984 declamatorem
550 935 659 999 aliquem
670 935 699 983 de
711 936 769 984 ludo
782 941 829 984 aut
839 935 953 982 rabulam
964 934 1054 997 desoro
1064 933 1106 994 sed

102 1001 267 1048 doctissimum
287 1006 310 1049 et
325 999 531 1064 perfectissimum
551 1002 703 1064 quaerimus,
726 1000 797 1050 Brut.
818 1000 832 1059 5
854 1014 902 1061 310
924 998 1104 1047 commentabar

102 1065 295 1113 declamitans
315 1065 360 1124 (sic
375 1064 442 1112 enim
460 1080 530 1112 nnnc
545 1062 692 1129 loquuntur)
709 1071 776 1128 saepe
789 1080 845 1112 ciem
864 1064 903 1113 M.
924 1063 1014 1111 Pisone
1030 1068 1055 1111 et
1072 1062 1101 1122 Q.

102 1130 213 1193 Pompeio
228 1136 275 1177 ant
290 1144 346 1176 cum
360 1128 445 1193 ,ali'qm
461 1129 574 1192 quotzilie,
594 1130 669 1178 Tusc.
682 1130 718 1188 15
731 1140 752 1191 7,
767 1145 808 1192 ep.
822 1128 863 1177 ad.
875 1127 935 1176 sam.
947 1139 996 1176 xm
1010 1142 1037 1175 11
1050 1128 1064 1186 5
1075 1141 1098 1192 9,

103 1194 158 1242 Iuv.
172 1205 222 1242 XVI
235 1210 248 1243 a
252 1209 274 1256 3,
287 1192 399 1256 Philipp.
411 1204 430 1241 v
441 1195 454 1252 5
469 1208 497 1258 19
510 1194 560 1256 ipse
574 1193 665 1242 interea
679 1193 843 1258 septemdecim
858 1193 910 1241 de'es
923 1194 951 1240 in
972 1191 1102 1240 libertino

101 1258 224 1320 Scipionis
244 1257 466 1315 declamitaoit,
488 1259 560 1306 sitim
582 1274 700 1322 quaerens
707 1275 718 1316 ,·
744 1259 803 1307 haec
823 1257 890 1306 enim
911 1257 935 1306 ei
960 1271 1035 1304 cansa
1056 1271 1102 1304 esse

101 1322 291 1371 declamandi
310 1322 373 1371 solet.
408 1323 590 1372 Declamare
611 1338 696 1371 means
718 1329 745 1371 to
769 1322 861 1386 ‘speak
883 1329 926 1370 out
943 1317 1036 1380 cloud)
1060 1322 1102 1368 ‘to

101 1387 208 1450 practise
225 1385 349 1450 delivery’
362 1386 404 1445 (de
420 1385 463 1435 fin.
476 1399 503 1436 v.
520 1389 534 1446 5
552 1403 624 1450 5quo
640 1388 669 1436 in
687 1387 734 1436 loco
749 1387 902 1450 adfluctum
918 1386 995 1434 aiunt
1009 1385 1101 1434 decla·

102 1467 185 1500 mare
199 1451 298 1499 solitum
312 1451 505 1510 Demosthenem,
520 1467 548 1499 scr
553 1452 688 1515 sranitum
702 1457 842 1500 assuesceret
855 1466 908 1499 voce
921 1449 1036 1508 vincere),
1048 1449 1101 1498 also

106 1518 147 1564 ‘to
163 1515 241 1579 speak
257 1516 284 1563 in
304 1516 389 1578 public
408 1515 435 1564 in
454 1531 470 1563 1
487 1515 555 1572 loud,
573 1516 703 1578 brawling,
722 1516 772 1564 aud
795 1514 932 1578 blustering
948 1511 1022 1576 way,’
1039 1515 1052 1572 5
1070 1526 1099 1575 75

102 1579 118 1626 l.
141 1591 163 1640 7,
183 1580 233 1627 and
253 1579 283 1628 ci.
301 1594 337 1627 01.
358 1596 383 1643 p.
405 1579 480 1628 Rosc.
500 1579 561 1627 Am.
577 1581 590 1638 5
608 1582 637 1628 82
653 1595 716 1643 quae
733 1579 798 1627 mibi
812 1580 856 1627 iste
871 1578 941 1627 misces
955 1585 989 1626 est
1004 1578 1101 1631 exalia

101 1643 211 1692 oratione
225 1642 394 1703 declamare,
409 1643 480 1691 Verr.
500 1654 521 1691 11
539 1661 554 1705 4
570 1645 584 1701 5
604 1658 649 1707 149
665 1643 708 1691 ille
722 1643 835 1702 insanus,
854 1643 899 1706 qni
909 1650 958 1705 pro
973 1642 1018 1690 isto
1034 1642 1100 1689 vehe-

102 1707 250 1756 mentissime
260 1713 344 1755 contra
356 1722 394 1754 me
405 1707 607 1756 declamasset.
641 1707 730 1756 Cicero
741 1708 802 1756 calls
812 1705 914 1755 himself
920 1707 946 1753 in
958 1705 1100 1768 opposition

103 1772 193 1820 labort's
210 1778 234 1819 et
243 1771 303 1834 sori
320 1771 471 1832 discipulum
489 1775 522 1819 ‘a
540 1786 599 1819 man
619 1771 717 1821 trained
735 1771 762 1820 in
780 1771 822 1819 the
837 1771 882 1819 toil
899 1770 928 1818 oi
943 1770 986 1819 the
1002 1768 1100 1830 forum,'

102 1837 197 1899 though
209 1835 350 1884 Laterensis
361 1835 482 1901 professes
494 1842 520 1884 to
532 1835 646 1884 consider
657 1836 709 1884 him
721 1852 736 1885 a
747 1851 814 1884 mere
825 1835 979 1884 declamator.

150 1952 270 2010 §om
296 1955 334 2002 11.
369 1954 454 2000 auom
476 1955 555 2010 11111,
579 1954 677 2011 aaut,
700 1964 748 2008 010
769 1964 823 2001 101
844 1950 895 2011 tat]
927 1957 952 2000 et
974 1949 1101 2004 verissime

101 2023 200 2063 constat
211 2015 236 2063 in
249 2015 330 2078 prima
339 2015 508 2065 adulescentia
526 2016 664 2066 Rhodum
680 2017 810 2079 navigasse
827 2016 865 2064 Μ.
877 2016 996 2074 Tullium,
1009 2021 1038 2064 ut
1048 2025 1100 2064 arte

101 2079 217 2137 oratoria,
230 2079 257 2128 in
269 2095 319 2143 qua
329 2079 458 2144 insigniter
468 2081 600 2143 praestitit,
612 2081 750 2130 erudiretur
761 2087 822 2144 aput
833 2080 989 2130 notissimum
1000 2079 1099 2129 rhetora

100 2148 125 2191 et
144 2144 288 2206 magistrum
307 2144 375 2193 illius
395 2145 483 2195 aetatis
503 2145 675 2207 Apollonium.
712 2145 765 2194 Hic
783 2151 820 2194 est
838 2145 881 2207 qui
904 2144 987 2193 Molo
1007 2159 1100 2208 cogno·

102 2208 209 2257 minatus
220 2213 264 2256 est.
291 2219 389 2256 111101.
401 2219 462 2257 nou.
494 2209 543 2258 But
555 2207 645 2258 Strabo
656 2208 831 2272 distinguishes
841 2208 884 2258 the
894 2216 945 2257 two
956 2224 1022 2258 men.
1055 2210 1097 2260 On

102 2275 145 2322 the
167 2272 285 2321 Rhodian
306 2272 392 2321 school
413 2272 443 2322 of
463 2283 571 2337 0111011,
591 2289 632 2323 see
651 2274 722 2323 Blass
741 2274 780 2323 die
795 2273 888 2336 grieclr.
908 2274 1095 2339 Beredsamkett,

101 2354 127 2403 p.
142 2350 172 2400 74
184 2337 208 2396 fi,
223 2337 255 2385 G.
271 2337 400 2400 Landgraf
409 2338 504 2387 lutrod.
517 2347 543 2387 to
555 2338 597 2387 the
608 2339 729 2387 Rosciana
740 2355 764 2402 p.
778 2354 820 2387 111
832 2338 849 2386 l.

148 2443 166 2489 l.
181 2444 218 2490 to.
253 2439 323 2499 vult]
341 2439 459 2496 ‘asserts,’
474 2440 571 2490 ‘makes
582 2439 669 2501 out,’5
683 2440 741 2504 191.
755 2454 793 2498 1ο,
808 2456 844 2488 01.
856 2455 882 2504 p.
895 2441 965 2489 Cael.
976 2442 991 2500 5
1002 2453 1043 2505 53·

150 2544 350 2600 rut-putabam
369 2545 400 2590 11
421 2545 544 2591 Vaccaeis
566 2544 708 2604 dicturum]
729 2544 758 2592 ‘1
779 2543 844 2592 have
860 2543 971 2593 been-1
993 2544 1100 2607 thought

99 2603 133 2653 he
153 2621 204 2653 was
220 2605 298 2668 going
313 2614 340 2654 to
357 2621 401 2668 say
416 2622 509 2669 among
527 2607 570 2656 the
587 2608 694 2656 Vaccaei
702 2605 758 2655 '-i.
767 2623 789 2656 e.
806 2623 899 2670 among
919 2624 989 2657 some
1010 2611 1100 2673 people

101 2669 188 2731 totally
198 2669 313 2731 ignorant
329 2668 358 2718 os
371 2670 413 2718 the
429 2678 468 2719 art
484 2670 514 2719 of
528 2670 641 2720 rhetoric.
678 2671 734 2719 'lhe
750 2671 880 2721 Vaccaei
897 2688 962 2721 were
977 2688 993 2720 a
1010 2673 1100 2736 people

101 2732 129 2781 os
143 2733 268 2794 Hispania
284 2733 476 2782 Tarraconensis
493 2749 527 2782 on
543 2734 586 2783 the
602 2735 667 2783 river
684 2735 784 2795 Durius,
799 2736 912 2784 between
928 2736 1034 2785 Zamora
1049 2738 1099 2785 and

101 2797 257 2847 salamanca.
290 2797 344 2847 Liv.
360 2808 411 2845 xxt
424 2812 437 2858 5
449 2799 463 2857 5
476 2811 498 2859 5.

149 2912 190 2957 111
211 2911 253 2956 bis
274 2912 305 2957 11
326 2908 461 2969 Bithynia]
489 2924 541 2958 nou
563 2908 728 2973 eloquentiae,
751 2911 795 2959 sed
817 2909 853 2960 rei
875 2910 975 2960 militari
998 2926 1098 2976 operam

101 2973 211 3023 daturus.
249 2973 346 3033 Cicero,
370 2973 441 3023 Sulla
458 2989 511 3022 rem
533 2974 660 3038 publicam
682 2975 818 3034 obtinente,
837 2975 951 3025 venitin
969 2976 1098 3025 Graeciam
1121 2995 1122 2999 ¹

101 3045 126 3086 et
149 3037 256 3086 Athenis
273 3037 426 3100 aliquamdiu
443 3046 611 3088 commoratus
626 3039 688 3088 inde
702 3039 728 3087 in
745 3040 832 3088 Asiam
854 3046 879 3089 et
896 3039 1015 3088 Rhodum
1030 3043 1098 3089 navi·

100 3102 176 3165 gavit,
190 3107 217 3150 ut
234 3101 383 3151 clarissimos
400 3101 519 3159 rhetores,
532 3103 574 3167 qui
592 3103 618 3154 in
635 3103 666 3152 ii's
683 3102 744 3152 locis
761 3112 839 3160 erant,
851 3103 1012 3166 conveniretfl
1029 3120 1097 3169 prae·

99 3166 173 3229 cipue
196 3166 280 3217 Rhodi
299 3165 463 3230 Apollonium
487 3166 617 3217 Molonem
639 3168 873 3217 excellentissimum
892 3167 992 3217 dicendi
1009 3170 1099 3235 magis·

101 3238 165 3278 trum
187 3237 212 3279 et
238 3229 398 3278 Posidonium
415 3230 592 3295 philosophum
609 3232 713 3281 audivit.
747 3232 871 3281 Plutarch.
892 3232 917 3280 in
936 3233 1098 3296 Cic-c41n

101 3294 242 3357 Bithynia
261 3310 321 3343 vero
338 3301 460 3358 quantum
480 3295 635 3358 permultos
656 3311 736 3346 annos
755 3296 848 3346 bellum
865 3297 946 3356 fuerit,
968 3313 1025 3348 cum
1041 3314 1099 3362 tege

100 3358 247 3409 Mithridate
265 3375 281 3408 a
301 3359 372 3408 Sulla
394 3360 501 3408 Murena
523 3359 630 3410 Lucullo
648 3368 754 3425 gestum,
776 3378 791 3411 a
810 3361 929 3425 Pompeio
950 3363 1098 3416 confectum,

185 3479 220 3529 H.
974 3477 1010 3522 12
