2406 3788
492 172 659 230 ‘INDEX
679 173 703 230 l
1046 188 1101 247 225

105 303 136 351 L.
155 304 269 352 Marcius
280 303 410 367 Philippus
423 304 451 364 Q.
458 302 485 366 f.
497 303 526 364 ρ.
536 319 572 362 n.,
590 316 688 351 summa
702 300 833 350 nobilitate
848 308 873 350 et
890 301 1039 365 eloquentia,
1051 317 1101 350 cos.

137 400 160 432 a.
176 399 216 448 91,
230 385 344 449 princeps
355 384 468 443 civitatia
483 385 595 433 tribunus
610 384 715 432 militum
725 398 776 430 non
787 382 865 431 factus
876 389 912 432 est
924 383 956 430 52
971 397 1007 442 ιι,
1021 391 1104 431 orator

136 463 236 525 facetus,
251 466 336 515 Sullae
351 464 458 521 deditus,
472 466 507 514 M.
526 464 592 513 Livii
603 463 680 513 Drusi
692 470 716 513 et
733 463 772 510 M.
790 463 893 511 Aemilii
910 463 1000 526 Lepidi
1017 462 1103 512 adver·

136 544 214 592 sarius
225 545 374 593 acerrimus:
392 543 424 593 cf.
438 545 502 593 Hor.
515 545 563 607 Ep.
578 555 587 591 1
601 555 624 605 7,
638 540 668 604 46

106 625 134 672 C.
153 626 262 682 Marius,
278 626 367 691 Arpini
387 635 459 675 natus
473 643 496 676 a.
518 640 562 689 155
579 625 611 672 20
627 644 651 688 4,
667 641 682 674 a
702 625 913 674 Minturnensibus
929 626 1024 675 colonis
1039 625 1103 675 bene

136 706 235 756 habitus
246 707 277 756 26
288 705 311 766 6,
326 707 433 770 septiens
444 706 530 756 consul
541 722 563 755 a.
579 717 632 767 107,
646 721 780 767 104-100,
795 705 826 756 86
838 705 904 767 516,
920 707 973 756 eius
984 707 1102 770 triumphi

135 785 166 833 61
179 800 202 848 9,
214 788 283 836 fortis
295 789 326 836 88
336 785 360 847 6,
375 788 427 836 eius
441 793 631 836 monumentum
645 785 676 834 78
691 802 719 835 ra

102 866 250 918 Maximus:
266 884 288 917 v.
296 883 316 916 s.
331 867 423 916 Fallus

102 948 211 997 Metelli:
227 965 252 996 v.
264 964 283 997 s.
299 948 401 997 Caecilii

102 1031 257 1088 Minturnae,
285 1032 405 1096 oppidum
430 1031 603 1080 Auruncorum
630 1032 657 1081 in
681 1032 789 1081 confinio
812 1032 965 1096 Campaniae
987 1038 1011 1082 et
1034 1032 1101 1080 Latii

134 1123 215 1170 suum,
231 1111 325 1160 Marius
336 1112 416 1160 latens
427 1111 453 1160 in
469 1112 690 1159 Minturnensibus
704 1112 837 1176 paludibus
847 1111 880 1160 26
893 1122 906 1172 5

71 1187 73 1189 ’
102 1191 132 1238 P.
146 1191 249 1239 Mucius
259 1193 289 1241 P.
303 1193 462 1249 F.Scaeuala¹
473 1192 501 1240 Ρ.
512 1192 593 1240 Licini
602 1192 685 1241 Crassi
697 1191 807 1240 Muciani
819 1192 901 1249 frater,
910 1190 1101 1241 iurisconsultus

133 1269 241 1329 illustris,
259 1286 310 1320 cos.
324 1287 347 1320 a.
364 1286 409 1334 133
423 1287 479 1320 cum
492 1271 521 1319 L.
537 1271 673 1335 Calpurnio
689 1272 778 1321 Pisone
794 1272 885 1335 Frugi3
905 1271 1017 1335 pontifex
1034 1288 1100 1320 max.

133 1351 235 1399 annales
244 1352 363 1401 maximos
370 1351 490 1412 condidit,
501 1352 559 1401 Tib.
572 1351 680 1401 Gracchi
691 1352 793 1401 caedem
805 1352 916 1400 defendit
930 1353 960 1399 88
973 1354 987 1400 8

104 1429 132 1489 Q.
157 1431 258 1478 Mucius
278 1432 391 1480 Scaeuola
413 1431 524 1496 pontifex
540 1431 670 1488 maximus¹
688 1432 765 1479 modo
781 1431 841 1479 dicti
858 1431 931 1488 filius,
949 1447 999 1480 cos.
1018 1446 1042 1479 a.
1058 1445 1097 1496 95,

133 1511 216 1560 Crassi
236 1513 339 1561 oratoris
358 1514 385 1562 in
402 1513 519 1561 omnibus
538 1513 588 1562 fere
607 1513 792 1576 magistratibus
810 1513 914 1575 collega,
933 1515 969 1562 vir
985 1515 1100 1563 omnibus

133 1591 241 1655 ingenio,
259 1593 407 1655 integritate,
426 1593 519 1642 iustitia
536 1601 672 1657 praestans,
692 1592 751 1641 iuris
773 1593 908 1656 peritorum
930 1592 1099 1658 eloquentissi-

132 1688 196 1730 mus,
213 1675 383 1737 eloquentium
398 1675 457 1723 iuris
473 1675 635 1739 peritissimus
644 1691 652 1734 ;
670 1690 757 1739 aspere
773 1675 800 1723 in
810 1665 871 1724 'eum
887 1675 954 1725 dicta
970 1676 1098 1740 publican-

133 1769 204 1802 orum
215 1755 246 1803 33
258 1753 282 1813 6,
293 1756 437 1803 Muciorum
449 1761 554 1804 stemma
564 1771 590 1820 p.
602 1769 633 1819 93

582 1903 608 1950 N

100 2004 206 2053 hassia:
222 2020 245 2051 v.
254 2020 272 2052 s.
290 2003 420 2052 Cornelius

99 2084 201 2144 Nicaea,
216 2085 274 2133 urbs
286 2082 417 2147 Bithyniae
429 2081 498 2142 (hod.
511 2081 625 2143 Nizza).
642 2082 673 2131 dl
688 2097 716 2144 17

579 2257 603 2308 Ο

101 2390 149 2437 Cn.
164 2389 279 2438 Octauius
292 2388 337 2437 Cn.
344 2387 371 2451 f.
386 2388 432 2436 Cu.
448 2402 473 2437 n.
493 2403 542 2436 cos.
557 2404 581 2436 a.
595 2389 625 2450 87
638 2403 694 2437 cum
712 2389 741 2437 L.
757 2388 873 2438 Cornelio
886 2389 967 2438 Cinna
978 2397 1003 2439 et
1016 2391 1097 2439 Mario

130 2471 249 2533 pugnavit
266 2477 291 2519 et
307 2470 367 2519 urbe
384 2477 482 2532 recepta
498 2483 514 2517 a
531 2468 650 2517 Marianis
666 2484 751 2518 caesus
768 2478 813 2529 est,
832 2469 958 2518 aedilitate
981 2471 1096 2534 praeteri·

130 2557 169 2597 tus
180 2549 235 2611 517

98 2631 130 2679 L.
151 2631 271 2694 Opimius,
292 2630 320 2690 Q.
334 2629 359 2692 fl
378 2638 477 2693 praetor
494 2646 517 2678 a.
537 2642 581 2690 125
601 2629 727 2693 Fregellas
743 2630 842 2688 delevit,
862 2645 912 2679 cos.
935 2645 957 2679 a.
984 2644 1026 2679 121
1049 2633 1092 2682 ‘C.

130 2712 244 2761 Graccho
264 2719 288 2759 et
308 2711 345 2758 M.
365 2711 453 2760 Fulvio
472 2710 606 2759 interfectis
627 2710 746 2758 acerrime
769 2711 898 2759 victoriam
917 2712 1053 2762 nobilitatis
1070 2715 1096 2763 in

129 2793 229 2857 plebem
245 2788 401 2839 exercuerat’
414 2788 506 2853 (Sall),
519 2789 654 2838 maiestatis
667 2797 795 2838 accusatus
806 2789 934 2839 absolutus
945 2798 982 2840 est
993 2806 1017 2840 a.
1033 2806 1095 2854 1²03

129 2873 198 2922 fortis
209 2873 240 2920 88
252 2884 275 2930 5,
289 2878 398 2919 servator
409 2871 443 2920 rei
455 2871 569 2934 publicae
581 2869 611 2918 69
624 2886 663 2931 24,
678 2885 734 2918 cum
751 2870 846 2933 legatus
862 2872 894 2919 ad
912 2871 1058 2935 Iugurtham
1072 2893 1095 2926 a.

133 2955 177 3005 116
194 2971 209 3004 a
225 2969 282 3017 rege
298 2952 403 3017 pecunia
418 2961 547 3015 corruptus
567 2959 638 3011 esset,
658 2950 789 3001 damnatus
805 2959 842 3001 est
858 2968 873 3000 a
889 2951 1011 3003 iudicibus
1019 2955 1095 3007 Grac·

129 3039 215 3089 chanis
227 3039 284 3101 703
1052 3026 1054 3029 ’

101 3121 207 3170 Orestes:
223 3134 247 3168 v.
258 3133 278 3168 s.
292 3115 410 3179 Aufidius

100 3199 234 3264 Oufentina
248 3198 354 3258 (tribus),
368 3198 427 3246 388
