2406 3788
98 199 133 254 32
358 181 405 240 M.
431 181 567 241 rurus
585 179 831 241 ercanoms
895 176 1032 261 [xxxu
1050 197 1085 256 u
1121 137 1124 141 ⁵

99 315 229 385 Plancio,
250 335 412 393 numquam
434 316 615 378 dissimulavi
635 338 684 377 me
704 317 864 394 plurimum
885 316 992 376 debere
1012 335 1088 376 sem-

97 432 207 489 perque
223 431 293 488 prae
307 433 355 473 me
370 416 480 475 feram:
500 418 595 474 nullas
613 415 691 476 enim
710 415 766 475 sibi
783 416 832 476 ille
850 434 948 492 neque
965 425 1089 474 conten-

97 510 191 570 tiones
213 527 309 584 neque
331 507 497 567 inimicitias
519 528 617 584 neque
638 507 715 568 vitae
735 508 940 570 dimicationes
960 528 1018 569 nec
1032 529 1090 587 pro

97 603 260 680 republica
278 622 334 663 nec
352 623 405 680 pro
423 623 472 662 me
491 603 684 680 defugiendas
699 604 820 678 putavit.
863 617 952 682 atque
966 604 1088 678 utinam,

97 717 187 775 quam
206 716 261 774 ego
282 717 347 756 sum
364 697 396 756 in
413 697 495 757 illum
514 709 621 773 gratus,
636 707 698 755 tam
717 697 847 760 licuisset
865 719 917 775 per
934 697 1089 759 hominum
1118 730 1132 768 3

97 795 156 853 vim
174 807 203 854 et
221 793 355 853 iniuriam
375 795 486 870 populo
505 797 644 854 Romano
658 793 686 852 ei
699 795 821 868 gratiam
835 797 958 856 referre!
991 798 1045 857 sed
1066 798 1091 858 si
1141 858 1144 863 ,

99 910 159 950 nou
173 891 278 949 eadem
292 889 444 948 contendit
458 888 489 946 iu
503 888 652 948 tribunatu
663 888 808 962 Plancius,
821 889 985 951 existimare
998 892 1091 953 debes

99 1007 158 1048 non
182 989 251 1047 huic
271 987 454 1047 voluntatem
478 986 613 1058 defuisse,
640 986 693 1045 sed
715 1005 772 1059 me,
796 1008 866 1047 cum
893 1000 1007 1048 tautum
1031 989 1091 1049 iam

47 1084 85 1142 tt
100 1082 219 1141 Plancio
240 1082 387 1153 deberem,
413 1080 509 1139 Racili
540 1080 690 1142 beneficiis
713 1080 803 1140 fuisse
827 1094 1008 1144 contentum.
1050 1104 1091 1145 an

99 1198 168 1239 vero
188 1190 273 1254 putas
293 1176 403 1236 idcirco
423 1177 519 1236 minus
538 1177 650 1237 iudices
669 1196 736 1235 mea
754 1197 843 1238 causa
857 1181 991 1251 facturos,
1007 1185 1091 1257 quod
1105 1217 1131 1244 ιο

99 1293 147 1334 me
167 1293 231 1333 esse
250 1285 364 1349 gratum
384 1271 567 1333 crimineris?
593 1292 640 1344 au,
655 1291 722 1331 cum
744 1283 842 1348 patres
862 1274 1021 1349 conscripti
1039 1277 1091 1337 illo

100 1382 217 1431 senatus
231 1371 375 1439 consulte,
387 1369 467 1444 quod
482 1369 511 1426 in
526 1378 721 1428 monumento
737 1367 812 1424 Mari
837 1369 947 1426 factum
962 1380 1014 1439 est,
1030 1389 1091 1444 quo

101 1487 167 1527 mea
200 1468 276 1526 salus
310 1466 448 1526 omnibus
475 1477 519 1526 est
546 1465 681 1542 gentibus
709 1451 925 1534 commendata,
954 1462 1005 1521 uni
1034 1466 1088 1523 Cn.

102 1561 223 1621 Plancio
235 1559 341 1638 gratias
356 1559 581 1638 egerint—unus
601 1557 679 1618 enim
694 1557 748 1616 fuit
762 1558 800 1617 de
814 1556 1029 1634 magistratibus
1042 1557 1092 1616 de·

101 1659 198 1718 fensor
220 1655 320 1717 salutis
342 1676 427 1717 meae
438 1655 533 1716 :-cui
554 1665 672 1714 senatus
692 1673 747 1730 pro
766 1673 815 1714 me
833 1652 940 1732 gratias
960 1655 1090 1732 agendas
1105 1683 1130 1720 ις

102 1755 224 1832 putavit,
254 1755 282 1815 ei
309 1775 365 1833 ego
391 1775 410 1814 a
436 1774 484 1814 me
510 1755 693 1814 referendam
727 1753 849 1831 gratiam
874 1773 940 1814 non
968 1756 1092 1831 putem?

67 1882 69 1885 ·
102 1865 190 1930 atque
210 1855 284 1913 haec
303 1872 371 1913 cum
384 1852 476 1923 vides,
491 1870 551 1927 quo
572 1871 620 1912 me
641 1853 763 1912 tandem
783 1851 815 1912 in
835 1865 865 1914 te
885 1851 986 1912 animo
1007 1861 1093 1929 putas

102 1967 174 2020 esse,
191 1950 372 2011 Laterensis?
395 1953 488 2010 ullum
508 1969 572 2009 esse
593 1960 709 2010 tantum
728 1949 900 2027 periculum,
921 1961 1034 2009 tantum
1056 1950 1095 2007 la·

103 2045 213 2118 borem,
241 2057 353 2105 tautam
380 2046 602 2106 contentionem
633 2066 723 2123 quam
750 2065 806 2122 ego
833 2065 895 2105 non
922 2045 1014 2105 modo
1041 2063 1094 2120 pro

103 2143 196 2203 salute
211 2155 267 2214 tua,
284 2145 337 2203 sed
352 2143 440 2203 etiam
454 2164 508 2220 pro
522 2144 665 2220 dignitate
679 2143 860 2219 defugerim?
899 2161 960 2218 quo
974 2140 1095 2218 quidem
1108 2171 1134 2198 20

104 2238 192 2297 etiam
211 2239 302 2316 magis
323 2260 389 2299 sum
409 2261 471 2300 non
492 2240 589 2300 dicam
609 2241 806 2302 miser-nam
826 2241 885 2299 hoc
905 2238 1026 2316 quidem
1047 2239 1097 2296 ab

104 2337 201 2394 horret
224 2354 243 2393 a
263 2335 368 2396 virtute
391 2337 562 2409 verbum—,
591 2338 644 2398 sed
668 2348 746 2405 certe
768 2335 919 2407 exercitus,
945 2353 1006 2394 non
1027 2333 1097 2410 quia
1184 2377 1186 2382 .

104 2430 203 2490 multis
224 2431 426 2494 debeo-leve
452 2433 531 2493 enim
553 2445 598 2493 est
618 2452 694 2494 onus
721 2431 858 2491 beneficii
881 2430 1021 2507 gratia—,
1044 2424 1108 2490 sed

104 2526 174 2602 quia
200 2547 288 2603 saepe
314 2542 494 2590 concurrunt
521 2530 658 2607 propriae
686 2528 851 2604 aliquorum
878 2529 956 2587 bene
983 2528 1022 2587 de
1049 2545 1097 2585 me

104 2623 274 2684 meritorum
295 2623 370 2685 inter
390 2625 472 2703 ipsos
493 2626 709 2697 contentiones,
729 2637 762 2684 ut
783 2624 891 2683 eodem
912 2635 1046 2699 tempore
1067 2621 1097 2681 in
1110 2650 1135 2686 2⁵

106 2721 202 2781 omnis
215 2741 315 2782 verear
327 2742 366 2784 ne
379 2722 429 2782 vix
442 2722 554 2799 possim
567 2734 666 2797 gratus
680 2719 778 2781 videri

55 2821 93 2881 tt
166 2819 226 2878 Sed
247 2818 322 2878 haec
343 2837 399 2894 ego
419 2818 492 2877 meis
513 2816 694 2894 ponderibus
715 2813 899 2885 examinabo,
922 2833 983 2874 non
1002 2815 1098 2875 solum

106 2911 178 2987 quid
192 2913 297 2991 cuique
310 2915 445 2986 debeam,
461 2916 515 2974 sed
528 2913 617 2973 etiam
628 2913 698 2989 quid
711 2912 852 2987 cuiusque
865 2911 979 2972 intersit
989 2923 1019 2972 et
1027 2911 1099 2989 quid

107 3028 125 3066 a
145 3028 194 3068 me
214 3009 356 3087 cuiusque
382 3021 498 3086 tempus
523 3019 633 3086 poscat.
685 3007 827 3066 XXXIII
856 3007 950 3082 agitur
969 3008 1099 3067 studium

108 3113 189 3161 tuum
209 3106 256 3164 vel
277 3105 374 3176 etiam,
397 3104 421 3164 si
440 3103 492 3174 vis,
508 3101 694 3173 existimatio,
715 3104 780 3161 laus
800 3101 970 3161 aedilitatis:
991 3112 1022 3161 at
1042 3103 1098 3163 Cn.
1113 3127 1138 3166 ae

109 3197 220 3256 Plancii
241 3200 318 3257 salus
342 3199 436 3276 patria
458 3199 598 3258 fortunae.
641 3198 755 3256 salvum
776 3208 808 3256 tu
828 3215 877 3255 me
898 3216 962 3256 esse
982 3195 1100 3272 cupisti:

109 3291 156 3350 hic
169 3290 238 3352 fecit
251 3293 339 3352 etiam
359 3309 393 3353 ut
411 3312 475 3354 esse
492 3312 620 3370 possem.
650 3292 792 3353 distineor
810 3302 911 3351 tamen
929 3303 959 3352 et
979 3291 1103 3351 divellor

109 3388 211 3450 dolore
228 3400 258 3449 et
276 3389 307 3449 in
323 3409 411 3450 causa
431 3387 540 3465 dispari
561 3387 672 3449 offendi
692 3401 722 3450 te
741 3409 761 3449 a
780 3406 829 3449 me
850 3388 952 3448 doleo:
973 3389 1036 3461 sed,
1051 3407 1101 3447 me
