2406 3788
121 194 201 278 558]
258 279 260 283 Α
550 205 703 266 NOTES
1062 224 1118 280 139

121 333 147 377 et
161 328 268 391 diligens
283 329 406 379 eruendae
421 332 567 383 vetustatis)
600 346 697 383 serron.
711 347 775 384 vsu.
810 336 898 384 Hence
913 335 932 384 it
947 348 1051 402 appears
1065 332 1120 382 that

124 395 228 446 Iunius
240 397 358 462 Congus
368 414 420 448 was
431 405 476 448 not
487 415 502 448 a
514 398 597 448 doctus
607 399 685 456 leonto,
696 400 739 450 i.e.
754 403 800 449 ‘an
812 402 933 450 educated
944 401 1022 461 man,'
1032 402 1077 451 but
1088 418 1121 452 an

121 461 260 525 antiquary.
293 463 342 512 We
358 463 422 512 have
439 463 481 512 the
496 465 630 527 testimony
644 466 674 514 oi
684 466 727 514 the
737 466 829 515 satirist
840 466 950 515 Lucilius
961 472 989 515 to
999 467 1042 516 the
1052 483 1121 516 same

122 525 233 575 effectio
248 524 290 576 the
306 528 357 576 line
371 528 454 576 where
472 529 508 586 (as
524 530 617 593 quoted
633 530 667 592 by
684 530 748 581 Plin.
768 537 818 579 nat.
836 530 895 580 hist.
912 532 989 595 praes.
1013 533 1027 592 5
1046 533 1070 592 7)
1088 532 1121 582 he

121 605 191 653 says:
205 597 333 653 praeterea
347 599 383 641 est
398 593 518 656 quaedam
532 594 633 657 publica
648 595 723 643 etiarn
740 595 895 644 emds'torum
911 596 1014 655 reiectio,
1037 597 1122 645 utitur

122 654 168 702 illa
186 662 210 703 et
225 656 264 704 M.
288 658 395 716 Tullius,
414 664 486 706 extra
501 674 597 706 omnem
613 659 700 722 ingeni
713 661 792 708 oleam
803 660 910 723 positus,
924 667 955 716 et,
966 661 1033 724 quod
1046 661 1119 709 mire·

121 733 188 775 mur,
200 725 250 781 per
261 721 406 770 advocatum
422 721 569 784 defenditur.
612 728 670 771 ‘nec
685 723 846 772 doctissimis:
867 725 988 772 Manium
1005 726 1119 773 Persium

120 782 179 830 hoec
188 784 263 846 legere
273 786 334 844 nolo,
350 787 475 834 Iunium
493 788 623 850 Congum
634 790 693 841 volo,
716 788 811 850 though
823 787 911 837 Cicero
924 789 950 836 in
961 788 1066 852 quoting
1076 789 1120 838 the

120 852 188 895 same
199 848 250 896 line
264 850 297 898 de
313 865 349 898 or.
367 862 388 899 11
403 852 416 910 5
430 864 460 910 25
477 852 621 901 substitutes
636 852 752 901 Laelium
768 853 909 902 Decimum.
944 853 1000 902 The
1016 868 1120 917 passage

119 910 141 959 is
158 912 237 960 worth
253 915 424 977 transcribing.
453 916 481 963 C.
497 917 620 973 Lucilius,
639 918 709 966 konco
726 917 808 965 doctus
826 924 850 965 et
859 917 1026 980 pereminens,
1045 917 1119 966 dicere

118 976 207 1024 solebat
222 992 257 1037 eo,
271 995 334 1042 quae
348 981 464 1037 scriberet,
480 996 557 1044 neque
572 981 603 1028 ab
619 981 792 1030 indoctissimis
804 997 829 1029 se
844 997 919 1045 neque
932 983 964 1030 ‘ab
979 981 1119 1030 doctissimis

27 1082 29 1086 Α
119 1040 168 1103 legi
180 1042 247 1101 velle,
264 1044 331 1106 quod
343 1045 419 1093 alteri
430 1045 499 1093 nihil
507 1047 678 1109 intellegerent,
689 1048 763 1095 alteri
771 1048 833 1110 plus
840 1046 949 1110 feertosse
961 1061 1037 1122 quam
1046 1047 1119 1122 unse,-

118 1105 210 1168 dequo
226 1106 302 1155 etiem
320 1109 420 1172 seriptit
435 1110 574 1158 Persium
590 1126 647 1159 non
662 1126 729 1160 curo
745 1113 845 1175 legere,
873 1112 915 1160 liic
929 1127 993 1160 mem
1002 1110 1067 1175 first,
1090 1118 1120 1160 nt

118 1183 244 1226 norumus,
267 1173 380 1221 omnium
399 1174 455 1237 fere
481 1181 620 1223 nostrorum
641 1175 772 1225 hominum
792 1176 959 1226 doctissimus:
980 1176 1118 1225 Laelium

117 1233 273 1283 Decimum
286 1238 346 1293 volo,
372 1254 442 1302 quem
453 1240 606 1302 cognovimus
616 1240 702 1288 virum
715 1242 805 1289 bonum
816 1247 841 1290 et
850 1257 900 1289 non
912 1241 1067 1297 illiteratum,
1078 1241 1121 1290 sed

117 1298 188 1346 nihil
194 1300 231 1347 ad
238 1301 361 1360 Persium,
375 1303 406 1352 cf.
420 1303 503 1352 defin.
516 1316 525 1352 1
539 1307 553 1362 5
566 1316 590 1365 7.
621 1306 731 1354 Lucilius
742 1306 801 1354 then
812 1306 895 1354 would
907 1306 958 1354 like
969 1313 996 1354 to
1011 1306 1044 1355 be
1058 1306 1116 1355 read

117 1369 162 1411 not
178 1363 211 1426 by
224 1365 334 1426 scholars
345 1366 396 1419 like
410 1367 507 1416 Persius
519 1367 598 1428 (Brut.
616 1370 685 1432 599)
697 1386 745 1418 nor.
758 1379 800 1434 yet
816 1371 850 1433 by
864 1371 979 1421 illiterate
994 1383 1057 1430 men,
1072 1371 1117 1420 but

116 1426 151 1488 by
161 1442 220 1477 men
231 1430 260 1478 of
272 1432 372 1494 general
383 1432 542 1481 information
554 1433 605 1483 like
621 1434 724 1484 lunius
741 1435 869 1498 Congus.

165 1551 219 1589 nen
229 1543 473 1604 abhorrens]=etsi
490 1561 547 1594 non
564 1545 745 1605 abhorream,
763 1545 796 1594 cf.
813 1548 826 1605 5
843 1546 901 1608 781.
917 1562 956 1595 21.
981 1547 1116 1608 eonfiteu]

117 1601 160 1652 the
170 1605 325 1669 subjunctive
335 1608 356 1657 is
367 1609 416 1658 due
427 1617 453 1658 to
464 1609 635 1667 assimilation,
647 1610 689 1658 the
701 1611 761 1659 time
772 1617 816 1658 not
823 1611 902 1675 being
913 1611 1048 1660 indefinite.

163 1720 181 1765 L
196 1723 219 1769 2.
253 1731 295 1769 me
311 1723 355 1774 hle
370 1725 398 1772 ld
414 1734 448 1776 ex
462 1725 491 1770 te
505 1725 622 1782 primum
638 1723 755 1784 audisse]
771 1723 883 1773 modeste
900 1724 998 1788 repellit
1014 1739 1071 1772 eum
1089 1733 1116 1774 ut

115 1783 270 1832 mendacem.
304 1797 454 1836 minumus

164 1874 184 1920 L
195 1876 218 1921 3.
247 1876 404 1930 perelegans
415 1877 443 1922 et
453 1874 619 1934 pereuntum]
630 1876 699 1937 prius
710 1874 742 1922 ad
752 1873 876 1923 delectum
884 1874 1023 1934 verborum,
1034 1881 1114 1938 poste·

117 1936 167 1985 rius
177 1937 210 1984 ad
220 1938 393 1987 tractationem
403 1939 439 1986 rei
449 1938 565 2003 pertinet.
598 1951 634 1988 w.

164 2041 185 2089 1.
195 2046 219 2091 4.
255 2044 413 2100 mgna-vel
424 2044 512 2091 mdiu
522 2043 566 2090 vel
575 2039 687 2101 pudore]
707 2039 856 2089 ‘creditable
864 2038 931 2088 alike
938 2044 965 2088 to
975 2037 1018 2088 the
1028 2037 1118 2102 kiudly

117 2106 167 2153 and
178 2106 331 2156 honourable
341 2106 434 2170 feeling
449 2106 478 2155 of
490 2122 505 2154 a
519 2105 609 2170 knight
623 2105 653 2153 of
667 2103 765 2154 Rome.’
798 2107 897 2163 equttts
915 2104 1037 2165 Romul]
1056 2121 1116 2153 non·

117 2170 176 2218 dum
187 2172 337 2220 senatorium
349 2172 462 2220 ordinem
473 2171 578 2235 adeptus
588 2177 641 2219 erat
653 2170 760 2220 Cassius.
796 2180 946 2220 monnulus

163 2278 184 2326 1.
196 2284 220 2327 b.
252 2283 286 2329 ab
296 2279 350 2341 hle]
367 2280 491 2337 δεικτικῶς,
503 2276 626 2339 cf.§611.
641 2293 670 2340 14
681 2294 706 2326 n.

163 2389 220 2436 Η.
251 2389 413 2446 respondebo
429 2389 465 2434 ed
478 2397 591 2444 eaquae
610 2384 713 2445 umen]
729 2384 777 2434 hoc
794 2383 868 2435 dicit:
885 2385 958 2434 Talia
971 2355 1034 2434 'sunt
1052 2400 1068 2434 a
1083 2391 1117 2441 te,

118 2452 196 2511 Cassi,
210 2451 285 2509 dicta,
301 2451 410 2515 adquae
421 2450 508 2499 Planci
522 2448 674 2498 defendendi
685 2463 759 2497 causa
773 2463 824 2498 non
835 2464 898 2512 opus
909 2457 973 2499 esset
988 2451 1064 2499 verbo
1081 2466 1117 2498 re·

117 2533 129 2566 s
163 2516 257 2573 ndere3
273 2530 360 2564 verum
376 2515 495 2579 quoniam
509 2513 589 2561 lorma
605 2512 724 2561 orationis
740 2513 862 2562 eiusmodi
873 2513 926 2573 luit,
940 2521 967 2563 ut
987 2515 1118 2577 diligenter

117 2598 132 2630 a
169 2580 291 2628 iudicibus
308 2579 434 2637 audireris,
455 2577 587 2627 eruditioni
606 2583 663 2625 tuae
681 2576 747 2626 hunc
764 2577 871 2625 tribuam
888 2577 1017 2639 honorem,
1036 2587 1064 2627 ut
1081 2594 1117 2626 re·

117 2645 254 2709 spondeam
266 2644 298 2692 ad
309 2659 346 2702 ea,
361 2658 425 2706 quae
436 2642 528 2690 dixisti.
564 2652 598 2690 w.
815 2654 820 2660 ·

164 2754 183 2798 1.
196 2756 218 2800 'l.
253 2752 285 2798 de
295 2752 353 2804 1pso
363 2748 415 2809 me]
434 2763 571 2811 pronomen
588 2747 639 2810 ipse
657 2747 845 2811 pronominibus
862 2746 1032 2822 personalibus
1049 2762 1118 2810 prae·

117 2815 178 2879 poni
188 2813 271 2872 debet,
285 2815 306 2862 si
325 2813 395 2861 notio
413 2812 567 2875 pronominis
584 2814 633 2875 ipse
647 2811 787 2875 primariast
805 2827 913 2860 maxime
929 2811 1048 2876 urgenda,
1062 2828 1119 2874 pro·

117 2893 209 2929 nomen
220 2885 303 2926 autem
315 2877 443 2940 personale
459 2876 600 2940 explicandi
617 2877 790 2925 tantummodo
806 2875 961 2940 pronominis
978 2876 1028 2938 inse
1044 2891 1119 2924 causa

117 2943 230 2992 adicitur.
266 2941 390 3004 Exempla
407 2957 460 2989 rem
477 2941 635 3004 patefacient.
671 2942 795 3004 Plin.'ep.
821 2942 917 3003 11145
940 2956 954 3004 3
969 2940 1120 3004 factumest

116 3014 218 3057 senatus
234 3008 434 3055 consultum-nt
451 3006 527 3054 dorer
540 3005 737 3069 provincialibus
752 3012 884 3068 patronus,
903 3005 927 3052 si
942 3005 973 3052 al
995 3004 1056 3068 ipso
1078 3021 1120 3054 nee

118 3073 294 3135 impetrassent,
309 3071 362 3120 Cic.
377 3086 414 3120 or.
426 3070 452 3120 in
469 3070 518 3120 Pis.
532 3072 589 3132 548
599 3070 758 3136 sifizmiliam
773 3078 844 3118 tuam
858 3070 994 3129 dimisisses,
1008 3069 1075 3133 quod
1086 3071 1123 3119 ad

117 3137 240 3186 neminem
258 3136 312 3185 nisi
329 3135 366 3184 ad
387 3136 482 3199 ipsum
503 3142 529 3186 te
544 3136 687 3199 pertineret,
711 3136 787 3184 amici
801 3142 824 3183 te
844 3135 885 3184 tui
904 3134 1120 3198 constringendum

111 3207 240 3267 putarent,
264 3200 307 3251 ie.
332 3200 367 3250 ad
385 3200 531 3250 neminem
554 3200 613 3249 nisi
628 3201 665 3250 ad
687 3216 752 3250 eum
777 3199 879 3263 ipsum,
898 3199 948 3264 qui
971 3199 1119 3250 familiam

117 3264 296 3325 demisisset,
315 3265 360 3315 he.
377 3265 414 3314 ad
430 3272 458 3315 te
474 3265 649 3330 pertineret,
667 3281 703 3315 or.
718 3281 741 3329 p.
757 3264 841 3328 Ligar.
858 3265 872 3323 5
887 3280 926 3328 23,
942 3279 979 3314 or.
992 3280 1019 3329 p.
1032 3265 1118 3315 Deiot.

116 3333 131 3391 5
148 3332 172 3380 8.
206 3330 301 3380 Contra
312 3330 333 3380 si
343 3331 373 3381 de
383 3329 481 3393 meipso
495 3330 605 3391 dixisset,
618 3329 789 3394 significasset,
803 3329 970 3394 expectavisse
980 3330 1078 3391 sciere,
1093 3341 1119 3380 ut

118 3397 219 3448 Cassius
230 3395 262 3447 de
272 3396 328 3446 eliis
339 3395 482 3446 hominibus
493 3395 594 3455 diceret,
606 3412 691 3445 verum
702 3396 734 3446 de
745 3410 771 3446 se
782 3410 828 3445 nee
840 3395 872 3446 de
882 3394 938 3446 aliis
949 3395 1048 3448 dixisse.
1083 3407 1118 3446 w.
