2406 3788
104 192 179 251 XVI
196 188 247 274 38]
308 192 401 253 PRO
430 194 495 253 CN.
517 194 719 254 PLANCIO
749 194 917 255 ORATIO
1063 211 1098 271 ις

103 320 184 393 dixit,
208 341 257 382 me
278 321 310 381 id
334 321 441 382 dixisse
463 320 580 398 dicunt3
607 343 663 402 ego
684 310 783 384 autem
806 323 926 402 siquid
950 335 996 385 est
1019 325 1099 401 quod

102 415 175 476 mihi
193 416 298 476 scitum
316 437 381 478 esse
399 417 532 478 videatur
546 430 575 479 et
589 419 710 479 homine
725 419 854 496 ingenuo
873 419 996 496 dignum
1010 430 1099 495 atque

102 515 202 588 docto,
217 532 278 573 non
291 533 443 590 aspernor:
463 516 639 587 stomachor,
655 535 723 574 cum
734 516 858 575 aliomm
871 535 933 576 non
948 536 995 576 me
1010 515 1100 592 digna

99 609 132 668 in
152 630 201 669 me
221 610 419 669 conferuntur.
460 629 530 669 nam
544 612 627 686 quod
641 610 753 687 primus
767 610 851 671 scivit
865 612 961 686 legem
975 612 1013 671 de
1027 614 1100 688 pub

74 706 202 772 slicanis
224 718 296 780 tum,
318 727 388 766 cum
408 704 452 767 vir
473 707 672 784 amplissimus
693 709 797 766 consul
818 706 849 766 id
870 707 911 766 illi
931 706 1027 768 ordini
1047 728 1100 785 per

99 806 245 881 populum
265 804 358 877 dedit,
376 804 458 880 quod
478 822 531 881 per
555 815 689 864 senatum
711 804 736 864 si
755 803 884 865 licuisset
912 805 1051 878 dedisset,
1074 806 1099 867 si

98 899 130 959 in
145 920 181 961 eo
195 899 306 960 crimen
317 911 370 973 est,
380 899 450 976 quia
464 900 631 977 suffragium
643 901 718 975 tulit,
730 900 797 978 quis
811 920 873 961 non
887 901 953 961 tulit
966 901 1097 978 publica-

99 999 173 1055 nus?
193 995 226 1069 si,
241 995 311 1073 quia
324 996 435 1072 primus
453 994 546 1071 scivit,
562 1006 660 1055 utrum
680 996 712 1056 id
731 995 816 1056 sortis
835 1015 899 1056 esse
913 995 957 1056 vis
971 1016 1010 1055 an
1025 995 1095 1071 eius,

99 1092 150 1168 qui
164 1092 244 1152 illam
255 1095 351 1171 legem
362 1094 492 1152 serebat?
513 1093 537 1152 si
552 1091 646 1165 sortis,
657 1095 770 1152 nullum
784 1092 895 1152 crimen
910 1105 954 1152 est
968 1091 999 1152 in
1013 1113 1098 1155 casu:

62 1223 86 1251 ιο
99 1190 123 1250 si
137 1191 275 1265 consulis,
290 1191 431 1268 splendor
449 1189 539 1250 etiam
554 1190 656 1250 Planci
683 1191 763 1248 hunc
776 1209 794 1250 a
808 1208 924 1250 summo
941 1190 1005 1251 viro
1021 1190 1097 1267 prin·

98 1285 195 1363 cipem
209 1306 274 1347 esse
287 1285 400 1347 ordinis
413 1284 583 1347 iudicatum.

158 1385 216 1441 XV
257 1383 317 1442 Sed
337 1382 499 1458 aliquando
519 1381 672 1442 veniamus
691 1385 731 1444 ad
755 1402 889 1443 causam:
930 1381 961 1444 in
982 1403 1041 1460 qua
1063 1395 1095 1445 tu
1108 1393 1147 1452 36

96 1479 218 1542 nomine
230 1479 304 1557 legis
318 1479 459 1554 Liciniae,
474 1497 550 1555 quae
565 1491 609 1540 est
622 1481 662 1540 de
680 1480 837 1552 sodaliciis,
853 1480 949 1540 omnis
967 1479 1096 1543 ambitus

95 1578 176 1654 leges
190 1578 362 1653 complexus
378 1595 417 1635 es.
459 1594 557 1652 neque
571 1576 651 1636 enim
662 1575 820 1652 quicquam
835 1577 913 1636 aliud
925 1577 955 1636 in
964 1579 1020 1637 hac
1029 1580 1094 1655 lege

59 1699 83 1738 ις
96 1670 153 1731 nisi
174 1670 307 1731 editicios
327 1670 441 1730 iudices
462 1689 494 1729 es
514 1681 647 1744 secutus3
667 1672 749 1746 quod
767 1691 861 1746 genus
881 1671 1055 1732 iudiciorum
1069 1675 1094 1735 si

96 1779 141 1826 est
154 1784 282 1842 aequum
295 1766 355 1825 ulla
365 1765 396 1824 in
411 1785 441 1825 re
450 1764 506 1825 nisi
520 1764 550 1823 in
561 1766 617 1824 hac
628 1764 773 1838 tribuaria,
785 1785 846 1825 non
855 1765 993 1842 intellego
1002 1786 1092 1842 quam

96 1863 219 1921 obrem
240 1872 358 1920 senatus
379 1861 438 1921 hoc
458 1880 519 1920 uno
540 1859 572 1918 in
598 1878 705 1936 genere
726 1860 819 1920 tribus
840 1860 889 1920 edi
909 1862 1033 1922 voluerit
1053 1864 1092 1924 ab

95 1970 266 2019 accusatore
287 1978 386 2035 neque
408 1960 534 2019 eandem
554 1957 714 2018 editionem
733 1957 912 2018 transtulerit
932 1956 962 2016 in
981 1969 1091 2022 ceteras

31 2114 35 2120 .
94 2075 207 2128 causas,
232 2056 270 2115 de
293 2054 359 2132 ipso
383 2055 512 2130 denique
535 2054 649 2114 ambitu
672 2053 861 2114 reiectionem
883 2055 945 2114 fieri
968 2056 1092 2119 voluerit

56 2180 81 2207 20
94 2152 225 2212 iudicum
239 2154 426 2224 alternorum,
442 2170 570 2228 cumque
588 2152 702 2210 nullum
718 2170 812 2227 genus
830 2151 997 2212 acerbitatis
1010 2172 1092 2229 prae-

93 2247 274 2320 termitteret,
289 2249 348 2307 hoc
364 2258 463 2307 tamen
482 2267 573 2307 unum
590 2249 838 2324 praetereundum
854 2249 972 2323 putarit.
1000 2249 1090 2325 quid?
1103 2250 1142 2308 3¹1

92 2345 216 2405 huiusce
235 2343 278 2404 rei
304 2344 427 2403 tandem
447 2345 574 2403 obscura
593 2362 683 2402 causa
703 2354 756 2416 est,
777 2363 816 2402 an
837 2353 868 2405 et
887 2343 996 2420 agitata
1015 2357 1088 2416 tum,

91 2461 160 2502 cum
180 2440 236 2502 ista
256 2442 287 2501 in
308 2453 413 2501 senatu
432 2461 479 2502 res
500 2443 648 2518 agebatur,
665 2452 695 2501 et
716 2441 864 2519 disputata
883 2443 1020 2503 hesterno
1041 2443 1089 2503 die

91 2537 295 2614 copiosissime
309 2557 327 2596 a
341 2538 379 2611 Q.
397 2536 570 2610 Hortensio,
585 2536 634 2595 cui
652 2546 715 2595 tum
730 2548 775 2596 est
791 2547 910 2596 senatus
929 2538 1089 2597 adsensus?

53 2656 78 2694 οε
90 2638 150 2696 hoc
169 2635 257 2712 igitur
276 2635 434 2694 sensimus:
446 2634 667 2709 ‘cuiuscumque
687 2633 780 2692 tribus
800 2633 918 2710 largitor
939 2644 1016 2692 esset
1035 2654 1089 2710 per

89 2731 168 2790 hanc
181 2730 417 2803 consensionem,
432 2749 508 2806 quae
527 2729 618 2806 magis
636 2730 762 2788 honeste
783 2747 872 2805 quam
892 2747 960 2787 vere
982 2730 1088 2788 sodali·

89 2837 134 2886 tas
154 2826 363 2904 nominaretur,
380 2845 469 2900 quam
489 2826 615 2903 quisque
634 2825 742 2884 tribum
760 2823 838 2900 turpi
853 2823 1006 2898 largitione
1027 2844 1087 2884 cor·

88 2934 244 3000 rumperet,
255 2943 323 2984 eum
338 2922 466 2982 maxime
481 2924 522 2982 eis
536 2919 714 2991 hominibus,
730 2919 782 2996 qui
795 2919 857 2978 eius
871 2918 963 2977 tribus
977 2932 1083 2993 essent,

88 3036 154 3077 esse
174 3019 354 3078 notumt’ita
373 3017 487 3093 putavit
508 3027 636 3087 senatus,
656 3033 725 3072 cum
745 3032 797 3072 reo
818 3012 910 3072 tribus
931 3014 1087 3074 ederentur

50 3133 76 3171 30
88 3132 150 3187 eae,
166 3134 239 3190 quas
252 3114 277 3174 is
291 3113 445 3192 largitione
465 3114 617 3174 devinctas
636 3112 766 3181 haberet,
782 3110 904 3169 eosdem
923 3110 985 3168 sore
1003 3111 1086 3171 testis

89 3219 119 3268 et
132 3209 253 3269 iudices.
289 3212 429 3270 acerbum
443 3210 566 3269 omnino
578 3225 671 3286 genus
685 3203 794 3275 iudicii,
809 3205 862 3264 sed
876 3213 986 3279 tamen,
1001 3204 1026 3266 si
1038 3209 1086 3267 vel

88 3319 142 3360 sua
154 3304 201 3361 vel
215 3322 258 3376 ea,
274 3322 351 3380 quae
365 3303 493 3362 maxime
507 3314 583 3363 esset
602 3298 710 3374 cuique
729 3297 896 3370 coniuncta,
911 3299 1006 3361 tribus
1019 3304 1086 3363 ede·

87 3405 174 3468 retur,
194 3396 244 3455 vix
265 3397 468 3461 recusandum.
490 3457 493 3461 ,
516 3399 592 3456 XVI
626 3404 659 3453 tu
680 3403 787 3466 autem,
812 3395 996 3466 Laterensis,
1011 3415 1088 3467 quas
1097 3401 1144 3452 'aa
