2406 3788
110 193 203 252 XXII
220 188 271 272 53]
305 194 397 254 PRO
426 195 492 254 CN.
513 194 713 255 PLANCIO
743 195 912 257 ORATIO
1071 216 1106 256 21

111 322 311 397 coniunctum,
320 323 469 402 egregium
479 324 581 399 virum,
597 327 631 384 L.
641 325 821 399 Volcatium,
829 325 904 385 vidit
913 327 956 386 M.
968 324 1108 385 Pisonem

110 421 166 481 ista
187 420 219 481 in
246 423 395 483 aedilitate
419 422 631 483 offensiuncula
658 436 782 501 accepta
805 444 936 485 summos
957 443 975 484 a
995 425 1109 501 populo

112 521 250 580 Romano
265 540 329 580 esse
344 521 471 581 honores
482 523 615 598 adeptos
647 542 719 582 avus
729 543 799 584 vero
814 535 882 584 tuus
897 536 925 583 et
937 526 968 582 P.
981 523 1109 582 Nasicae
1162 600 1166 604 .

110 616 164 676 tibi
178 618 344 678 aediliciam
358 619 540 695 praedicaret
558 622 715 697 repulsam,
731 642 791 699 quo
806 622 870 682 cive
889 621 1038 681 neminem
1053 641 1109 698 ego

85 743 97 779 5
111 727 208 775 statuo
230 715 261 774 in
279 717 336 775 hac
356 736 388 777 re
405 717 526 793 publica
543 717 702 791 fortiorem,
719 730 749 780 et
766 721 799 780 C.
817 719 913 793 Marii,
928 719 980 797 qui
993 720 1109 780 duabus

110 812 307 874 aedilitatibus
316 815 448 891 repulsus
459 814 590 892 septiens
599 818 704 876 consul
713 828 757 876 est
766 818 870 886 factus,
879 827 909 878 et
920 819 952 876 L.
964 816 1118 889 Caesaris„

111 911 166 971 Cn.
183 912 297 986 Octavi,
325 914 367 972 M.
384 913 465 972 Tulli
486 935 493 973 r
517 933 593 990 quos
610 916 708 975 omnis
726 917 834 975 scimus
855 915 1003 976 aedilitate
1026 935 1108 992 prae-

34 1083 36 1086 ·
110 1007 211 1066 teritos
234 1010 370 1068 consules
398 1028 463 1069 esse
491 1011 593 1070 factos.
636 1013 690 1070 sed
713 1011 785 1088 quid
809 1030 867 1087 ego
887 1010 1038 1071 aedilicias
1067 1031 1108 1068 re·
1122 1013 1159 1070 52

110 1105 208 1180 pulsas
243 1103 384 1182 conligo?
427 1124 504 1181 quae
538 1125 629 1184 saepe
665 1106 728 1166 eius
762 1107 846 1166 modi
884 1105 1003 1166 habitae
1031 1117 1130 1176 sunt,¹

74 1224 98 1251 ιο
109 1210 141 1259 ut
156 1199 206 1273 eis,
221 1199 272 1276 qui
290 1199 438 1276 praeteriti
452 1212 560 1272 essent,
574 1201 701 1278 benigne
715 1222 734 1262 a
750 1203 861 1278 populo
874 1204 986 1262 sactum
1000 1201 1109 1262 videre-

110 1306 163 1355 tur.
199 1296 333 1356 tribunus
357 1296 485 1361 militurn
510 1300 543 1358 L
568 1298 731 1376 Philippus,
755 1319 871 1383 summa
897 1298 1052 1359 nobilitate
1079 1309 1109 1358 et

109 1394 286 1471 eloquentia,
310 1406 448 1471 quaestor
468 1397 502 1457 C.
526 1396 652 1470 Caelius
680 1395 857 1456 clarissimus
879 1417 916 1456 ac
935 1395 1109 1456 fortissimus

109 1494 291 1566 adulescens
316 1493 425 1553 tribuni
451 1493 548 1570 plebis
579 1497 610 1552 P.
634 1494 763 1554 Rutilius
784 1497 889 1565 Rur'us,
912 1495 947 1555 C.
970 1492 1108 1564 Fimbria,

110 1591 144 1650 C.
161 1589 289 1661 Cassius,
313 1591 368 1650 Cn.
386 1590 507 1649 Orestes
528 1589 597 1650 facti
618 1610 680 1650 non
700 1601 778 1662 sunt,
793 1609 869 1665 quos
890 1600 991 1649 tamen
1011 1588 1108 1649 omnis

74 1714 97 1749 15
111 1686 246 1744 consules
268 1684 377 1744 scimus
398 1687 493 1744 factos
514 1705 597 1760 esse3
627 1704 704 1761 quae
725 1685 779 1744 tibi
799 1687 875 1744 ultro
898 1696 981 1760 pater
1002 1694 1032 1743 et
1050 1702 1109 1742 ma-

109 1782 186 1842 iores
206 1781 250 1841 tui
270 1802 332 1841 non
350 1781 526 1843 consolandi
543 1781 586 1842 tui
604 1782 698 1859 gratia
717 1781 826 1854 dicent,
842 1800 940 1858 neque
955 1799 1026 1840 vero
1047 1799 1107 1856 quo

110 1891 140 1938 te
159 1878 284 1938 liberent
303 1878 402 1956 aliqua
421 1881 517 1955 culpa,
533 1897 623 1954 quarn
645 1889 678 1938 tu
692 1877 808 1949 vereris,
824 1897 862 1937 ne
883 1897 900 1936 a
922 1887 952 1937 te
970 1888 1108 1952 suscepta

110 1975 250 2046 videatur,
261 1976 313 2035 sed
328 1986 360 2034 ut
374 1985 403 2034 te
412 1976 451 2034 ad
462 1975 551 2034 istum
565 1994 683 2034 cursum
698 1974 869 2046 tenendum,
881 1993 971 2050 quem
985 1971 1109 2048 aprima

109 2084 205 2133 aetate
227 2073 388 2148 suscepisti,
407 2074 606 2132 cohortentur.
647 2072 721 2131 nihil
741 2083 787 2132 est
807 2072 895 2144 eninr,
917 2069 990 2130 mihi
1010 2072 1106 2139 crede,

71 2203 97 2229 ,ο
110 2169 284 2243 Laterensis,
300 2171 338 2229 de
352 2181 382 2229 te
397 2172 568 2230 detractum.
605 2168 770 2230 detractum
786 2169 872 2230 dico?
892 2167 917 2229 si
931 2188 980 2229 me
990 2170 1108 2230 hercule

108 2290 177 2330 vere
201 2272 283 2346 quod
305 2268 413 2329 accidit
437 2266 620 2345 interpretari
643 2268 724 2340 velis,
749 2279 795 2328 est
821 2266 934 2344 aliquid
958 2265 1049 2326 etiam
1069 2265 1108 2326 de

107 2367 212 2427 virtute
231 2367 426 2444 significatum
447 2376 505 2425 tua
561 2367 656 2425 XXII
697 2365 759 2425 noli
773 2365 854 2425 enim
867 2365 1032 2425 existimare
1046 2382 1108 2423 non

108 2482 248 2540 magnum
269 2463 428 2539 quemdam
450 2472 564 2520 motum
587 2461 676 2521 suisse
700 2461 777 2520 illius
798 2459 948 2537 petitionis
969 2471 1046 2532 tuae,
1069 2459 1107 2518 de

108 2580 168 2637 qua
194 2581 233 2621 ne
253 2559 364 2636 aliquid
384 2559 494 2618 iurares
514 2559 674 2619 destitisti?
714 2558 896 2619 denuntiasti
921 2559 1013 2618 homo
1037 2558 1107 2616 adu·

71 2682 95 2717 τε
109 2657 222 2716 lescens
244 2656 318 2731 quid
346 2656 384 2713 de
411 2673 526 2714 summa
552 2652 595 2713 rei
618 2654 755 2731 publicae
778 2653 917 2726 sentires;
945 2653 1047 2712 fortius
1074 2662 1107 2710 tu

108 2753 230 2830 quidem
254 2772 344 2828 quarn
367 2771 429 2811 non
450 2751 525 2810 nulli
548 2752 681 2812 defuncti
705 2753 875 2824 honoribus,
899 2751 952 2810 sed
979 2747 1106 2826 apertius

108 2870 199 2928 quarn
212 2852 260 2910 vel
273 2848 442 2909 ambitionis
456 2850 502 2909 vel
516 2848 621 2909 aetatis
635 2861 704 2909 tuae
717 2849 792 2909 ratio
806 2848 981 2925 postulabat
1014 2863 1104 2920 quam
1120 2855 1156 2912 53

109 2948 150 3006 ob
163 2964 226 3006 rem
240 2944 271 3003 in
285 2943 477 3004 dissentiente
491 2945 603 3020 populo
617 2943 678 3003 noli
691 2955 795 3020 putare
810 2945 907 3002 nullos
921 2941 1019 3011 luisse,
1034 2957 1106 3013 quo-

109 3063 174 3102 rum
198 3042 313 3102 animos
338 3051 405 3100 tuus
429 3039 478 3101 ille
501 3041 583 3100 sortis
607 3042 722 3100 animus
744 3040 920 3100 offenderet:
940 3036 992 3111 qui
1013 3047 1042 3094 te
1062 3033 1105 3093 in·

72 3171 97 3209 ³0
110 3150 229 3200 cautum
251 3141 374 3198 sortasse
397 3156 477 3196 nunc
501 3149 554 3197 tuo
578 3139 646 3198 loco
668 3138 827 3198 demovere
854 3143 1019 3211 potuerunt,
1041 3150 1106 3208 pro-

109 3236 261 3296 videntem
273 3243 373 3293 autem
387 3243 418 3292 et
428 3243 653 3308 praecaventem
667 3250 830 3307 numquam
845 3241 923 3289 certe
934 3229 1104 3288 movebunt.

169 3334 219 3391 An
240 3342 269 3390 te
283 3328 333 3387 illa
346 3338 518 3406 argumenta
532 3328 699 3388 duxerunt?
720 3324 883 3386 ‘dubitatis'
904 3323 1000 3400 inquit
1023 3321 1105 3399 ‘quin

110 3432 200 3495 coitio
227 3434 305 3493 saeta
331 3430 378 3503 sit,
401 3449 469 3490 curn
496 3429 588 3491 tribus
616 3430 771 3506 plerasque
794 3446 863 3488 cum
887 3426 984 3486 Plotio
1007 3423 1105 3484 tulerit
