2406 3788
140 176 197 233 228
315 173 406 235 PRO
437 173 502 233 CN.
524 172 725 233 PLANCIO
765 173 919 232 INDEX
942 172 969 230 I

623 358 648 406 V

145 471 249 531 Vaccaei,
259 471 366 537 populus
377 472 516 536 Hispaniae
525 471 723 528 Tarfaconensis‚
738 470 770 520 84
784 469 814 520 16
1046 532 1049 537 Ι

140 555 171 604 L.
196 553 307 602 Valerius
322 552 432 608 Flaccus,
449 561 549 617 praetor
563 568 586 602 a.
600 550 632 615 63
647 551 760 601 Ciceroni
776 567 878 615 operam
894 549 1016 616 praestitit
1031 549 1059 600 in
1076 567 1149 601 com·
1188 592 1192 600 .

172 633 358 698 prehendendis
374 632 462 696 legatis
478 632 645 696 Allobrogum
662 632 693 680 88
710 631 734 690 6,
748 631 941 695 repetundarum
959 647 989 679 ex
1006 631 1071 679 Asia
1086 647 1149 695 pro-

173 712 263 768 vincia,
273 727 349 776 quam
357 728 403 776 pro
412 719 525 776 praetore
536 728 558 762 a.
573 709 604 760 61
616 711 767 768 obtinuerat,
777 720 905 760 accusatus
920 711 953 759 ab
965 711 1105 760 Hortensio
1121 720 1148 761 et

174 795 295 844 Cicerone
306 794 421 844 defensus
432 800 477 844 est.
512 793 655 858 qnihomo!
683 792 726 856 qui
737 792 814 841 civis!
842 792 874 841 27
887 807 915 854 31

148 874 290 938 Venafrum,
315 876 437 939 oppidum
459 873 613 939 Campaniae
637 873 844 938 septentrionalis,
863 872 895 919 22
917 869 963 921 26:
987 871 1046 921 inde
1068 872 1149 921 Vena·

167 957 266 1020 frauus
275 964 367 1006 tractus
384 958 416 1003 22
433 954 465 1005 26

146 1038 173 1088 C.
193 1038 319 1101 Vergilius,
332 1054 389 1087 cum
404 1054 450 1103 pro
466 1045 580 1103 praetore
597 1044 660 1087 esset
677 1037 703 1086 in
721 1036 813 1096 Sicilia,
829 1036 974 1086 Ciceronem
986 1036 1096 1086 exsulem
1115 1053 1149 1086 eo

175 1117 259 1166 venire
270 1117 349 1167 noluit
361 1118 393 1168 95
407 1134 444 1176 1ο,
460 1118 492 1167 96
507 1129 535 1179 17

150 1199 215 1256 Vibo,
226 1197 346 1262 oppidum
355 1199 508 1249 Bruttiorum
515 1198 548 1246 ad
557 1197 638 1246 sinum
645 1196 795 1246 Terinaeum
802 1197 877 1260 (golfo
887 1197 915 1246 di
924 1194 996 1245 Sant'
1005 1196 1146 1259 Eufema‘a),

176 1277 251 1326 hodie
266 1278 366 1326 Bivoua
379 1294 458 1342 prope
473 1277 653 1332 Monte-Leone,
670 1277 731 1325 olim
749 1276 852 1341 Hippo
867 1277 969 1336 dictum,
983 1277 1148 1343 municipium

176 1356 232 1421 lege
249 1357 321 1418 Iulia,
342 1359 386 1408 Gr.
399 1354 538 1416 Ἰππώνιον,
555 1365 688 1424 postquam
705 1373 729 1407 a.
750 1373 793 1422 192
811 1357 911 1407 colonia
926 1373 957 1407 eo
973 1357 1081 1408 deducta
1097 1369 1144 1419 est,

178 1436 237 1488 Vibo
253 1439 367 1488 Valentia
385 1438 416 1490 96
429 1453 467 1499 21,
482 1441 513 1491 97
528 1456 557 1503 14

147 1517 240 1570 Lucius
267 1519 386 1569 Volcatius
412 1520 508 1578 Tullus,
532 1517 685 1568 aedilitatem
708 1523 795 1582 petens
817 1517 941 1581 repulsam
964 1515 1030 1576 sert3
1058 1525 1147 1581 postea

179 1607 263 1650 tamen
279 1602 365 1650 consul
381 1600 426 1650 fuit
443 1617 464 1649 a
477 1599 510 1650 66
525 1616 583 1650 cum
599 1600 636 1648 M.
655 1599 765 1647 Aemilio
777 1598 874 1663 Lepido
886 1597 940 1646 511

153 1682 266 1740 Voltinia,
284 1681 363 1732 tribus
381 1683 503 1744 Romana,
523 1682 555 1731 88
575 1693 598 1745 5,
618 1679 649 1730 48
669 1694 706 1744 15,
731 1695 768 1745 19,
788 1679 819 1727 54
839 1681 868 1729 18
874 1697 882 1740 ς
898 1677 965 1728 unde
988 1677 1148 1730 Voluuieusu

180 1761 212 1810 ta
227 1760 254 1812 16
