2406 3788
134 166 270 253 xur97]
331 170 422 232 Iuro
452 171 518 232 cnr.
534 168 734 232 PLANCIO
764 167 932 232 orario
1096 186 1135 247 39

134 295 208 357 mihi
221 295 393 359 insidiarum
407 297 572 377 periculum
586 300 680 360 ullum
694 317 794 375 neque
807 296 910 359 mortis
924 296 1022 359 fuisse.
1052 298 1136 358 cuius

134 413 192 472 ego
215 394 356 473 temporis
373 395 519 457 rationem
537 396 694 473 explicabo
707 396 790 456 brevi
811 415 906 474 neque
921 393 1029 456 invitus
1034 418 1043 471 ;
1062 395 1136 456 nihil

136 489 216 552 enim
231 503 276 552 est
290 510 326 552 ex
339 491 413 553 meis
427 493 618 570 temporibus,
629 492 712 569 quod
726 493 824 554 minus
838 503 1029 571 pervagatum
1044 496 1137 570 quod-

134 607 194 665 que
214 587 313 650 minus
334 600 386 651 aut
412 609 481 652 mea
501 588 786 651 commemorati0ne
814 590 995 651 celebratum
1022 590 1059 651 sit
1086 606 1136 654 aut

110 682 306 754 shominibus
319 684 453 745 auditum
468 696 558 762 atque
576 697 690 745 notum.
732 684 890 763 egoenim,
906 686 1081 762 Laterensis,
1099 707 1137 748 ex

134 781 186 843 illo
205 779 346 843 incendio
365 784 464 860 legum
483 780 552 843 iuris
573 792 694 843 senatus
706 783 854 844 bonorum
868 783 1002 843 omnium
1016 785 1134 856 cedens,

133 896 203 939 cum
217 896 284 938 mea
295 880 403 940 domus
417 879 522 941 ardore
536 899 591 940 suo
606 879 848 957 deflagrationem
857 877 924 940 urbi
933 890 1022 957 atque
1032 880 1136 941 Italiae

134 973 191 1035 toti
210 973 378 1048 minaretur,
394 972 451 1034 nisi
470 974 656 1051 quievissem,
672 973 801 1036 Siciliam
822 973 913 1053 petivi
932 974 1041 1051 auimo,
1058 995 1136 1052 quae

134 1082 165 1131 et
178 1069 243 1148 ipsa
256 1081 318 1131 erat
332 1070 404 1131 mihi
418 1071 493 1131 sicut
504 1073 613 1133 domus
626 1091 686 1131 una
699 1071 858 1133 coniuncta
872 1084 902 1133 et
916 1072 1104 1134 obtinebatur
1118 1094 1136 1134 a

99 1204 125 1232 ιο
136 1169 170 1229 C.
185 1166 325 1244 Vergilio,
340 1187 471 1246 quocum
485 1186 535 1228 me
552 1186 614 1228 uno
626 1169 674 1227 vel
692 1168 821 1229 maxime
839 1188 908 1229 cum
921 1180 1051 1230 vetustas
1072 1180 1136 1230 tum

134 1265 271 1341 amicitia,
294 1287 363 1327 cum
385 1266 446 1328 mei
469 1267 563 1327 fratris
585 1266 721 1346 conlegia
744 1278 809 1329 tum
830 1266 872 1329 rei
892 1269 1028 1346 publicae
1048 1289 1137 1329 causa

134 1363 268 1425 sociarat
319 1364 390 1426 vide
414 1383 496 1424 nunc
525 1364 682 1442 caliginem
705 1376 874 1443 temporum
902 1366 1035 1429 illorum:
1066 1386 1136 1426 curn
1150 1377 1187 1436 96

134 1459 200 1537 ipsa
210 1479 306 1538 paene
320 1460 416 1520 insula
432 1458 505 1519 mihi
524 1478 589 1521 sese
607 1457 725 1521 obviam
743 1462 818 1522 ferre
830 1463 927 1535 vellet,
942 1471 1059 1538 praetor
1076 1461 1134 1531 ille,

134 1555 268 1618 eiusdem
295 1556 404 1617 tribuni
434 1555 529 1634 plebis
560 1555 749 1618 contionibus
779 1569 899 1635 propter
930 1559 1067 1618 eamdem
1093 1559 1136 1618 rei

99 1683 123 1720 ιε
134 1651 270 1728 publicae
290 1671 411 1713 causam
431 1671 520 1728 saepe
532 1662 664 1723 vexatus,
682 1652 755 1711 nihil
774 1653 900 1730 amplius
922 1653 990 1713 dico
1011 1652 1067 1713 nisi
1087 1673 1136 1714 me

134 1749 166 1808 in
190 1748 318 1810 Siciliam
338 1748 438 1812 venire
460 1749 562 1811 noluit
606 1749 679 1827 quid
699 1749 818 1810 dicam?
866 1752 902 1812 C.
925 1749 1064 1826 Vergilio,
1084 1750 1135 1810 tali

134 1844 192 1905 civi
213 1857 243 1906 et
261 1845 332 1920 viro,
347 1847 586 1908 benevolentiam
606 1847 638 1908 in
659 1868 716 1921 me,
737 1847 910 1909 memoriam
931 1847 1134 1909 communium

135 1954 314 2020 temporum,
337 1943 480 2022 pietatem
507 1944 723 2006 humanitatem
750 1948 841 2006 fidem
864 1944 1012 2006 defuisse?
1052 1944 1133 2020 nihil,

134 2038 255 2110 iudices,
279 2052 324 2100 est
345 2059 457 2115 eorum,
479 2041 541 2112 sed,
563 2061 653 2118 quam
675 2052 883 2120 tempestatem
905 2061 960 2103 nos
980 2039 1133 2102 vobiscum

99 2154 197 2198 aanon
218 2135 395 2210 tulissemus,
410 2136 517 2197 metuit
535 2148 568 2197 ut
588 2156 655 2197 eam
672 2136 736 2214 ipse
754 2150 856 2216 posset
875 2138 982 2215 opibus
999 2137 1059 2199 suis
1076 2158 1136 2199 sus·

135 2233 235 2294 tinere.
278 2244 343 2293 tum
365 2233 490 2295 consilio
511 2246 633 2312 repente
656 2248 771 2298 mutato
791 2235 847 2297 iter
866 2256 885 2296 a
905 2236 1024 2297 Vibone
1045 2240 1136 2297 Brun·

135 2331 244 2392 disium
264 2342 340 2391 terra
361 2342 462 2409 petere
480 2331 622 2393 contendi
632 2354 642 2408 3
663 2353 733 2393 nam
752 2333 915 2395 maritimos
933 2354 1036 2394 cursus
1054 2354 1136 2412 prae·

135 2429 275 2489 eludebat
295 2428 401 2490 hiemis
421 2429 603 2507 magnitudo.
659 2432 733 2491 XLI
768 2453 836 2492 cum
856 2430 956 2493 omnia
974 2431 1024 2492 illa
1042 2431 1135 2491 muni·
1149 2447 1187 2506 97

135 2525 221 2604 sipia,
237 2547 313 2604 quae
334 2537 403 2588 sunt
423 2547 441 2588 a
455 2528 574 2589 Vibone
588 2529 785 2605 Brundisium,
800 2528 831 2590 in
846 2530 905 2592 fide
919 2549 994 2605 mea,
1012 2529 1134 2602 iudices,

95 2628 124 2692 ‘25
136 2636 242 2699 essent,
257 2626 312 2686 iter
326 2625 398 2685 mihi
416 2637 514 2686 tutum
533 2626 633 2687 multis
652 2626 855 2689 minitantibus
874 2648 983 2706 magno
997 2647 1066 2687 cum
1080 2647 1135 2688 suo

136 2736 217 2784 metu
235 2725 450 2801 praestiterunt
493 2725 682 2786 Brundisium
695 2727 765 2788 veni
777 2729 825 2787 vel
843 2726 941 2804 potius
958 2727 999 2787 ad
1017 2725 1136 2786 moenia

136 2823 245 2882 accessi
250 2845 260 2898 ;
280 2825 385 2883 urbem
403 2843 494 2882 unam
514 2822 587 2884 mihi
606 2822 814 2885 amicissimam
837 2821 990 2897 declinavi,
1005 2842 1082 2901 quae
1102 2842 1135 2884 se

135 2922 224 2980 vellet
238 2920 337 2997 potius
351 2919 615 2997 exscindi,quam,e
629 2941 683 2982 suo
698 2925 856 3000 complexu
868 2932 900 2982 ut
912 2920 1040 2997 eriperer,
1049 2919 1134 2982 facile

135 3028 297 3094 pateretur,
318 3018 350 3077 in
364 3019 466 3079 hortos
482 3037 531 3080 me
553 3022 596 3079 M.
613 3020 716 3081 Laenii
738 3018 836 3080 Flacci
857 3017 977 3091 contuli,
996 3016 1044 3077 cui
1064 3038 1133 3078 cum

100 3140 126 3179 ao
137 3114 233 3175 omnis
247 3126 351 3188 metus,
364 3114 526 3192 publicatio
539 3117 695 3191 bonorum,
710 3116 853 3190 exsilium,
865 3134 943 3175 mors
957 3134 1135 3192 proponere-

135 3222 191 3283 tur,
206 3212 280 3271 haec
299 3212 420 3290 perpeti,
436 3212 460 3273 si
478 3212 655 3288 acciderent,
670 3213 774 3274 maluit
787 3231 877 3289 quam
895 3212 1061 3273 custodiam
1075 3214 1134 3275 mei

135 3307 240 3384 capitis
259 3308 405 3370 dimittere
411 3331 419 3383 ;
442 3307 525 3369 cuius
546 3329 602 3388 ego
622 3322 653 3371 et
672 3310 802 3388 parentis
823 3309 894 3383 eiuS,
914 3310 1134 3387 prudentissimi

134 3415 224 3482 atque
245 3405 349 3485 optimi
369 3404 457 3483 senis,
472 3419 502 3469 et
522 3406 616 3469 fratris
635 3420 664 3470 et
681 3408 831 3487 utriusque
852 3409 978 3471 filiorum
999 3409 1137 3471 manibus
