2406 3788
114 187 194 272 567]
544 192 696 253 NOTES
1056 208 1111 272 153

115 326 195 374 aiam
212 323 399 384 muniebant,
414 325 535 384 Tusc.15
548 340 576 387 32
590 340 729 388 numquam
746 325 831 374 abr'sset
847 325 889 384 tad
901 326 961 376 deos
973 326 1113 388 Hercules),

116 390 174 446 uisi,
186 407 242 438 cum
254 392 322 439 inter
331 391 440 438 homines
450 395 513 444 esset,
525 405 577 436 eam
589 389 636 437 siti
646 389 723 438 viam
734 391 931 439 neutriuisset.

166 457 251 504 ‘Nota
261 453 469 518 gratificationem
480 453 611 502 molestam
622 462 647 502 et
659 469 715 503 cum
732 455 828 517 magnis
839 453 1011 504 amaritudinis
1021 455 1114 506 aculeis

116 519 294 583 interpositam.
330 519 423 567 Dicens
438 533 545 582 namque
560 533 611 567 non
625 517 696 566 aliter
707 520 739 568 ad
754 519 861 568 honores
877 520 1050 584 adipiscendos
1060 537 1113 586 per·
1197 558 1198 561 η

115 591 245 633 venturum
262 599 315 633 esse
332 583 491 632 Laterensem
515 598 590 646 quam
612 582 709 632 Tullius
730 583 1007 648 ipse...de...subiunxit
1029 585 1113 635 testifi-

115 649 204 706 cando,
216 664 242 698 se
258 664 310 697 non
325 647 423 711 generis
439 647 569 695 nobilitate
585 648 629 696 sed
645 648 736 697 virtute
748 649 781 696 ad
796 649 877 698 omnis
891 649 1048 712 magistratus
1059 665 1113 714 per·

115 713 228 774 venisse3
252 713 411 761 Laterensem
431 712 478 760 hoc
495 712 602 775 amplius
620 712 757 761 adiumenti
776 713 928 768 habiturum,
949 714 1017 777 quod
1035 715 1114 763 nobili

114 777 209 826 familia
227 785 294 826 ortus
312 778 338 825 in
358 776 490 825 candidam
509 776 601 825 veniat.
636 777 691 826 Sibi
711 792 770 839 ergo
789 777 940 826 adiudicavit
959 793 1009 826 non
1029 779 1112 826 laeno-

115 842 180 891 cinia
198 842 294 906 generis
313 841 357 890 sed
374 841 551 902 praestantiam
569 841 684 900 virtutis;
708 841 745 890 illi
764 857 823 890 vero
841 858 911 904 spem
930 843 963 890 de
979 842 1114 892 maioribus
1155 855 1162 861 ⁶

115 907 191 966 dedit,
206 906 274 970 quod
285 906 429 968 suffragium
439 905 530 955 scimus
541 921 595 955 esse
606 904 738 956 fortunae!
772 918 869 956 seiton.
889 918 976 956 attuit.

162 1007 237 1053 124.
273 1007 343 1062 quod
363 1006 669 1062 ego-commentatum
691 1004 832 1065 maiouim]
849 1005 891 1054 the
914 1003 1044 1054 antithesis
1066 1002 1113 1068 tego

115 1070 232 1129 ascendi),
246 1069 329 1117 which
344 1083 426 1117 serves
445 1084 472 1116 as
488 1084 504 1116 a
520 1068 564 1117 soil
582 1077 609 1118 to
627 1069 700 1132 bring
715 1079 758 1118 out
774 1070 817 1118 the
833 1069 948 1132 thought,
965 1070 1014 1118 and
1032 1069 1113 1118 which

115 1151 152 1183 we
163 1133 253 1182 should
264 1134 429 1182 introducens
444 1149 460 1181 a
471 1133 630 1182 subordinate
647 1135 729 1182 clause
746 1136 779 1196 by
791 1132 898 1191 ‘while‚'
910 1135 931 1182 is
942 1134 1113 1183 coordinatetl

114 1215 142 1246 as
155 1214 175 1312 6³
189 1198 258 1247 main
272 1199 363 1250 clause.
399 1200 447 1248 See
458 1199 537 1248 above
554 1200 567 1258 5
583 1199 645 1261 411.
658 1215 688 1263 32
706 1215 741 1260 n.,
761 1200 882 1264 Nigelsb.
903 1199 947 1248 lat.
960 1199 1016 1249 Stil.
1030 1199 1110 1260 5160,

114 1267 151 1324 51
175 1279 195 1313 1.

161 1364 179 1411 1.
194 1365 232 1411 11.
266 1361 328 1422 huo]
344 1376 379 1411 sc.
393 1362 430 1411 ad
447 1361 588 1424 gloriam.

162 1464 229 1501 ame
237 1450 323 1510 ortus]
342 1450 427 1499 Madv.
441 1451 474 1498 de
485 1449 528 1499 fin.
541 1462 560 1498 v
572 1453 585 1511 5
596 1448 629 1513 64
639 1466 665 1515 p.
679 1461 735 1511 720.
769 1450 857 1500 Cicero
869 1467 919 1500 was
930 1458 1017 1500 auctor
1026 1451 1113 1500 nobili·

115 1516 446 1574 tatirsuae(Tusc.1v5a)
465 1514 523 1562 ‘the
539 1513 644 1563 founder
660 1515 688 1563 of
702 1515 741 1564 his
752 1514 858 1578 family‚'
869 1531 905 1572 or,
923 1531 950 1564 as
966 1517 998 1565 he
1015 1531 1070 1579 says
1087 1515 1116 1564 os

116 1581 227 1655 Pompey
242 1581 322 1640 (Brut.
338 1579 351 1636 5
369 1577 418 1643 96),
436 1579 514 1634 domo,
530 1585 616 1641 perse
634 1580 749 1641 cognitus,
769 1579 823 1626 sine
838 1580 893 1627 ulla
909 1581 1116 1628 commendatione

115 1660 246 1702 aratorum,
261 1643 310 1692 and
327 1643 357 1690 of
371 1643 435 1691 Cato
453 1642 534 1705 (Verr.
552 1653 575 1690 11
592 1655 606 1704 5
624 1643 637 1701 5
657 1644 713 1704 180)
731 1643 781 1704 ipse
796 1643 839 1690 sui
850 1644 949 1705 generis
963 1644 1068 1692 initium
1084 1659 1114 1691 ac

115 1710 222 1758 nominis
238 1708 268 1756 ab
283 1723 307 1755 se
320 1707 396 1770 ga‘gree‘
410 1712 434 1755 et
444 1707 581 1770 propagari
594 1707 694 1755 volebat.
727 1707 790 1755 Also
801 1707 831 1754 of
843 1706 945 1756 himself
959 1708 1005 1767 (or.
1019 1709 1051 1756 de
1062 1709 1111 1770 leg.

114 1789 166 1838 agr.
181 1775 228 1832 115
242 1775 264 1833 ι)
277 1771 348 1830 ntilri,
364 1772 480 1832 Quirites,
494 1772 563 1834 aptrd
576 1787 618 1819 vos
632 1773 661 1819 de
674 1771 733 1820 meis
748 1772 883 1820 maioribus
895 1772 991 1820 dr'ceatdi
1000 1771 1115 1835 facultas

114 1854 164 1887 non
183 1839 266 1895 datur,
289 1852 339 1885 tran
359 1852 407 1900 quo
425 1852 476 1884 non
494 1837 552 1883 tales
566 1835 676 1899 fecerint,
700 1837 785 1899 qteales
806 1837 974 1884 nos'e'llorune
995 1837 1116 1899 sauguine

113 1911 204 1953 creatos
220 1902 406 1964 disapliuisqne
425 1901 550 1949 institutor
568 1901 665 1958 videtis,
684 1900 726 1949 sed
740 1900 806 1964 quod
822 1901 895 1950 laude
906 1901 1026 1965 pqtulari
1041 1907 1116 1965 atque

114 1969 213 2019 hortaris
223 1967 300 2016 uestri
309 1968 361 2015 luce
370 1973 513 2015 caruerunt.

161 2069 181 2114 1.
201 2071 237 2115 26.
274 2067 328 2116 aad.
349 2066 382 2112 ttt
403 2061 520 2122 redeam]
537 2077 553 2111 a
571 2061 630 2111 final
649 2060 829 2127 parenthetical
846 2061 936 2123 clause,
955 2061 1051 2125 5251.
1072 2060 1111 2122 26,

114 2133 127 2191 5
139 2131 169 2181 62
183 2132 199 2180 l.
212 2145 252 2192 33.
288 2128 351 2178 This
362 2128 382 2177 is
393 2143 409 2177 a
420 2143 536 2177 common
547 2127 610 2176 form
622 2127 651 2177 oi
659 2129 784 2178 revocatio.

161 2230 179 2277 1.
194 2232 232 2276 at.
266 2224 349 2285 sorte]
365 2239 392 2274 as
403 2230 518 2287 quaestor
532 2223 562 2273 ol'
575 2224 732 2281 Macedonia,
744 2224 782 2274 tor
794 2225 837 2274 the
848 2233 974 2290 quaestore
984 2225 1034 2274 had
1050 2224 1115 2274 their

115 2290 285 2356 ‘provinciae'
304 2289 458 2339 determined
476 2289 510 2352 by
528 2289 572 2345 lot,
591 2305 619 2338 as
637 2290 689 2340 Cic.
712 2290 815 2339 relisus
836 2305 876 2354 ep.
898 2290 930 2339 ad
951 2290 1000 2352 Qu.
1020 2289 1047 2338 fr.
1071 2301 1081 2337 1
1101 2306 1111 2339 1

114 2363 296 2431 quaestorem
312 2355 390 2411 dobes,
406 2370 456 2403 non
469 2361 513 2402 tuo
526 2355 619 2402 iudicio
631 2355 755 2411 delectum,
769 2355 812 2402 sed
822 2371 878 2403 mue
891 2371 960 2419 qaum
973 2370 1026 2403 sors
1039 2354 1111 2413 dedit,

114 2437 140 2469 tn
160 2422 192 2484 Q.
215 2421 287 2469 Caec.
307 2420 358 2468 dir.
375 2421 389 2478 5
406 2417 437 2480 46
454 2420 619 2482 quaestoris
633 2435 688 2467 aem
702 2426 817 2483 praetore
832 2420 1039 2476 incessitudinem,
1058 2435 1114 2468 cou-

113 2486 228 2534 stitntam
239 2501 305 2533 mare
315 2484 447 2542 maiorum,
462 2484 552 2531 sortis
566 2484 719 2547 religione.
1105 2485 1110 2491 '

162 2574 232 2635 loeo]
253 2574 279 2623 in
296 2575 338 2622 the
355 2572 448 2621 service
465 2572 494 2621 of
507 2589 558 2621 war
579 2589 606 2622 as
623 2573 741 2622 tribunus
756 2561 876 2632 militum,
889 2574 979 2632 which,
996 2591 1023 2624 as
1039 2575 1115 2640 being

115 2640 220 2688 ordered
231 2639 264 2702 by
276 2639 331 2694 law,
343 2637 376 2685 he
387 2637 461 2685 could
472 2644 517 2687 not
529 2638 616 2685 evade.

162 2721 332 2786 aemunitate]
344 2725 369 2773 in
381 2724 423 2772 the
433 2724 546 2773 business
554 2723 584 2772 of
591 2722 633 2773 the
643 2724 748 2784 sacimas,
759 2724 841 2775 which
851 2725 890 2775 his
901 2725 982 2776 father
989 2729 1114 2778 entmsted

113 2792 166 2840 him
178 2791 248 2839 with.
282 2791 331 2838 But
348 2788 473 2837 Ferratius
489 2788 621 2850 interprete
638 2790 773 2837 necessitate
789 2791 922 2840 otherwise
942 2795 1011 2840 ‘cum
1028 2792 1074 2842 tuit
1088 2793 1114 2841 in

113 2856 198 2905 Africa
211 2854 282 2903 miles
298 2854 331 2900 A.
344 2852 473 2916 Torquati,
488 2851 514 2900 in
532 2853 607 2900 Creta
623 2851 655 2914 Q.
673 2853 778 2908 Metelli,
790 2869 820 2902 ea
833 2855 978 2903 necessitate
994 2856 1116 2905 adductus

114 2936 163 2984 qua
182 2933 269 3004 omnes
287 2917 439 2982 cogebantur
454 2925 512 2980 post
528 2923 653 2981 sumptam
668 2917 766 2967 virilem
785 2924 869 2982 togam
889 2918 976 2968 decem
991 2921 1116 2985 stipendia

114 2985 202 3034 tacere.

161 3085 232 3132 111.
265 3093 319 3129 non
334 3081 422 3128 vuutt
440 3083 519 3128 mour
540 3081 625 3128 tudem
641 3079 702 3139 cet]
720 3096 770 3129 was
788 3088 832 3130 not
849 3097 882 3131 an
899 3088 983 3131 orator
998 3098 1027 3132 or
1042 3083 1116 3133 iteris-

113 3147 245 3196 consultus.
277 3144 453 3209 Eloquentiam
471 3143 603 3209 significari
621 3152 646 3194 et
660 3144 720 3194 iuris
737 3146 895 3210 prudentiam
913 3161 927 3197 e
944 3149 958 3207 5
976 3145 1006 3197 62
1024 3149 1116 3214 conligi

114 3221 204 3276 potest.
238 3222 272 3260 w.

161 3301 383 3359 ambustorum
396 3309 450 3347 non
463 3296 544 3358 nulii]
560 3312 596 3346 sc.
607 3297 723 3346 valent.
758 3298 857 3347 ‘Verbo
868 3299 989 3348 nonnulli
1000 3314 1057 3349 cum
1068 3301 1116 3364 sig·

112 3366 279 3481 ἓξῗξέεέεεοθῑς
296 3363 464 3475 1ᾢ1ετεηεεηι,
478 3378 535 3412 cum
552 3362 687 3413 acerbitate
704 3370 773 3427 patet
793 3364 936 3414 adverbium
948 3364 1056 3430 firrtarse
1073 3367 1116 3417 ad·
