2406 3788
112 156 212 239 1118]
306 160 398 220 PRO
428 158 493 218 CN.
515 159 717 219 PLANCIO
747 159 915 220 ORATIO
1091 177 1109 234 3

113 288 208 362 citiae,
223 308 298 366 quae
313 287 385 346 mihi
399 307 468 347 cum
482 287 533 348 illo
546 287 605 347 iam
619 287 671 348 diu
685 298 738 361 est,
753 299 786 347 ut
799 287 880 347 idem
894 286 982 347 amici
996 307 1112 364 semper

112 388 221 462 velint;
247 406 346 463 neque
367 397 413 447 est
434 387 526 445 ullum
548 385 694 446 amicitiae
716 384 823 446 certius
844 384 995 444 vinculum
1021 404 1111 461 quam

113 504 276 546 consensus
298 493 328 543 et
356 483 483 542 societas
511 481 703 542 consiliorum
731 493 761 541 et
787 483 982 541 voluntatum.
1038 481 1111 541 mihi

112 596 212 644 autem
240 602 302 641 non
329 581 360 641 id
381 591 426 640 est
447 580 477 639 in
498 581 555 640 hac
575 600 607 641 re
627 578 878 651 molestissimum,
900 591 1005 640 contra
1028 579 1111 639 illum

36 684 38 686 ’
88 682 219 753 ,dicere
238 682 291 741 sed
308 681 402 738 multo
421 677 495 737 illud
515 678 617 753 magis,
639 678 721 754 quod
741 676 773 736 in
791 696 828 736 ea
843 695 932 735 causa
950 687 1052 735 contra
1071 675 1113 735 di-

113 779 242 838 cendum
270 787 323 849 est,
346 775 378 834 in
405 794 465 852 qua
487 776 634 851 quaedam
657 774 813 835 hominum
840 773 970 851 ipsorum
997 774 1113 834 videtur

112 873 250 933 facienda
274 891 338 932 esse
363 871 525 932 contentio,
577 870 692 947 quaerit
720 869 800 930 enim
828 869 995 930 Laterensis
1022 877 1143 946 atquess

113 971 172 1030 hoc
190 988 251 1028 uno
267 967 396 1028 maxime
412 979 505 1043 urget,
527 986 587 1043 qua
605 986 637 1026 se
654 966 771 1040 virtute,
790 986 851 1043 qua
863 967 951 1027 laude
966 968 1111 1039 Plancius,

113 1086 173 1143 qua
192 1065 335 1143 dignitate
351 1065 502 1141 superarit.
544 1064 595 1135 ita,
609 1063 635 1123 si
649 1065 725 1124 cedo
739 1063 817 1124 illius
831 1063 1020 1137 ornamentis,
1035 1083 1112 1140 quae

75 1194 100 1220 10
113 1161 207 1219 multa
234 1172 264 1220 et
286 1178 394 1236 magna
418 1168 495 1231 sunt,
521 1176 582 1217 non
603 1158 701 1216 solum
721 1157 810 1217 huius
831 1157 981 1234 dignitatis
1001 1159 1113 1218 iactura

112 1256 250 1316 facienda
270 1266 323 1327 est,
345 1255 399 1315 sed
419 1253 510 1314 etiarn
530 1251 692 1329 largitionis
712 1253 883 1330 recipienda
899 1253 1027 1331 suspicio
1048 1265 1112 1314 est:

113 1353 159 1413 sin
176 1355 257 1412 hunc
275 1352 318 1412 illi
338 1363 499 1428 antepono,
522 1351 740 1411 contumeliosa
758 1352 897 1412 habenda
913 1363 958 1412 est
975 1350 1069 1412 oratio
1083 1363 1113 1413 et

114 1451 276 1512 dicendum
290 1460 334 1511 est
348 1450 389 1523 id,
404 1450 486 1526 quod
500 1449 549 1508 ille
563 1468 612 1509 me
625 1449 746 1526 flagitat,
761 1452 952 1509 Laterensem
962 1468 980 1508 a
991 1436 1113 1510 Plancio

114 1548 258 1626 dignitate
278 1567 344 1608 esse
364 1558 542 1623 superatum.
584 1545 627 1606 ita
642 1556 693 1606 aut
712 1547 883 1607 amicissimi
899 1548 1027 1607 hominis
1041 1547 1114 1608 exis·

76 1668 99 1705 1⁵
114 1645 230 1705 timatio
254 1645 434 1704 offendenda
454 1654 508 1716 est,
530 1642 555 1702 si
575 1642 657 1702 illam
681 1643 877 1704 accusationis
904 1642 1113 1704 condicionem

115 1760 230 1817 sequar,
258 1751 309 1801 aut
336 1740 450 1816 optime
478 1740 517 1799 de
542 1758 591 1798 me
617 1738 714 1799 meriti
739 1741 817 1799 salus
846 1741 1018 1800 deserenda.
1061 1743 1113 1801 III

116 1838 170 1897 sed
194 1856 258 1914 eg0,
281 1834 457 1908 LaterensiS,
479 1854 601 1894 caecum
623 1853 672 1894 me
693 1846 727 1895 et
746 1834 938 1912 praecipitem
958 1834 1026 1896 ferri
1045 1855 1115 1896 con·

116 1936 200 1993 fitear
220 1933 251 1993 in
275 1951 374 2004 causa,
399 1931 424 1991 si
446 1943 476 1991 te
498 1941 550 1991 aut
570 1951 590 1991 a
615 1930 736 1990 Plancio
757 1943 809 1992 aut
829 1932 868 1991 ab
888 1933 951 1992 ullo
971 1931 1114 2010 dignitate

115 2029 248 2107 potuisse
259 2027 389 2105 superari
401 2027 510 2088 dixero.
536 2027 638 2104 itaque
652 2027 803 2088 discedam
814 2030 853 2088 ab
865 2048 900 2088 ea
914 2029 1114 2103 contentione,

77 2163 103 2190 ω
116 2128 155 2187 ad
179 2146 269 2203 quam
292 2139 324 2187 tu
345 2145 394 2185 me
414 2144 511 2196 vocas,
534 2133 564 2184 et
584 2123 702 2184 veniam
722 2125 762 2184 ad
782 2125 871 2195 illam,
893 2128 1043 2203 adquam
1066 2146 1115 2186 me

118 2237 207 2278 causa
217 2217 281 2295 ipsa
292 2217 423 2278 deducit.
449 2218 531 2294 quid,
543 2228 575 2277 tu
586 2216 811 2294 magistratuum
821 2217 973 2294 dignitatis
983 2215 1114 2277 iudicem
1129 2223 1147 2281 7

117 2326 205 2392 putas
224 2333 291 2374 esse
310 2316 480 2391 populum?
506 2317 630 2375 fortasse
654 2332 881 2390 nonnumquam
905 2324 958 2374 est.
999 2311 1114 2372 utinam

117 2431 188 2472 vero
202 2431 320 2488 semper
336 2415 431 2471 esset!
452 2410 505 2470 sed
525 2421 569 2470 est
587 2429 713 2487 perram,
731 2420 761 2470 et
780 2411 943 2488 siquando
961 2422 1014 2484 est,
1030 2411 1060 2471 in
1075 2410 1117 2472 eis

118 2507 335 2584 magistratibus
363 2518 408 2567 est
429 2505 616 2579 mandandis,
640 2505 747 2582 quibus
774 2508 900 2566 salutern
924 2526 1008 2567 suam
1035 2527 1117 2568 corn-

80 2642 105 2678 ,5
118 2602 195 2662 mitti
226 2613 327 2678 putat:
364 2601 410 2665 his
441 2599 601 2660 levioribus
632 2600 760 2660 comitiis
792 2600 944 2677 diligentia
971 2614 1000 2663 et
1026 2603 1119 2679 gratia

117 2699 278 2776 petitomm
298 2700 395 2759 honos
414 2697 533 2775 paritur,
549 2717 611 2757 non
632 2697 675 2757 eis
695 2697 886 2772 ornamentis,
906 2717 983 2775 quae
1001 2719 1066 2760 esse
1087 2700 1118 2759 in

117 2806 148 2856 te
168 2796 310 2855 videmus.
353 2815 423 2854 narn
444 2796 525 2871 quod
546 2796 585 2854 ad
603 2796 747 2872 populum
768 2795 904 2871 pertinet,
922 2815 1038 2874 semper
1058 2797 1119 2874 dig-

117 2890 217 2950 nitatis
238 2891 356 2964 iniquus
376 2889 466 2949 iudex
486 2902 531 2951 est
552 2890 604 2967 qui
624 2901 675 2950 aut
696 2890 809 2951 invidet
827 2902 878 2950 aut
895 2893 992 2966 favet3
1015 2911 1118 2969 quam·

118 3006 208 3064 quam
232 2985 306 3044 nihil
328 2996 414 3062 potes
442 2985 474 3044 in
498 2996 536 3060 te,
567 2987 744 3059 Laterensis,
767 2985 948 3047 constituere
972 2989 1054 3063 quod
1081 2988 1119 3049 sit

57 3098 64 3109 '·
79 3119 105 3157 30
117 3085 269 3165 proprium
281 3086 378 3146 laudis
392 3097 468 3160 tuae,
481 3087 552 3163 quin
566 3087 597 3146 id
612 3087 666 3147 tibi
680 3086 717 3147 sit
730 3105 889 3146 commune
904 3105 973 3146 cum
989 3089 1117 3149 Plancio.

118 3186 171 3244 sed
193 3186 252 3244 hoc
272 3194 368 3244 toturn
389 3194 492 3259 agetur
511 3183 571 3243 alio
591 3185 677 3243 loco:
701 3202 783 3241 nunc
803 3193 919 3242 tantum
941 3185 1060 3261 disputo
1080 3187 1151 3250 defi

117 3280 180 3341 iure
203 3279 315 3356 populi,
341 3277 392 3355 qui
417 3289 447 3338 et
469 3289 570 3355 potest
597 3290 627 3338 et
655 3279 730 3337 solet
757 3297 985 3354 nonnumquam
1012 3280 1119 3357 dignos

117 3373 283 3450 praeterire,
304 3391 371 3444 nec,
382 3370 408 3430 si
425 3391 444 3430 a
464 3372 576 3448 populo
595 3370 771 3448 praeteritus
789 3382 834 3432 est
850 3389 941 3447 quem
960 3390 1021 3432 non
1035 3392 1120 3451 opor·

953 3499 1042 3546 ἱ--ὶ
