2406 3788
125 179 163 248 84
416 174 508 234 PRO
538 175 602 234 CN.
625 173 825 234 PLANCIO
932 167 991 253 [XI
1012 171 1123 246 §28—

123 300 198 349 etiam
215 300 346 349 videbatur
363 299 411 349 hac
427 307 550 365 potestate
565 300 665 364 segnius
680 301 785 351 iunctus.
821 299 946 362 Quoniam
963 297 1044 348 nullas
1060 313 1122 362 ergo

123 363 226 413 virtutes
237 363 442 414 eminentissimas
452 364 549 421 habuit,
560 380 621 430 quas
636 367 668 415 de
682 365 728 415 illo
743 365 904 430 praedicaret,
917 363 1010 414 idcirco
1026 363 1123 427 aliquid

124 427 148 477 ei
157 427 244 477 volens
251 428 381 502 adquirere
392 428 424 476 ad
432 429 597 493 suspicionem
608 429 722 493 ignaviae
733 429 900 495 repellendam
914 430 1038 477 ‘nontam
1046 427 1121 477 vehe-

124 488 209 539 mens'
230 491 311 554 inquit
334 491 462 542 ‘tribunus
484 493 529 541 fuit
550 509 625 557 quam
646 493 740 543 ceteri?
789 494 823 543 Et
844 492 962 542 vivaciter
983 492 1120 541 conclusit:

127 554 226 629 ‘quales
236 555 257 604 si
268 570 355 604 omnes
365 571 462 620 semper
473 556 582 613 luissent,
594 572 730 621 numquam
740 556 893 607 desideratus
906 556 1040 606 vehemens
1055 563 1121 606 esset

124 618 261 679 tnhuuus3’
278 618 304 669 id
323 619 408 669 volens
424 620 535 685 intellegi
551 636 597 686 per
612 622 742 672 seditiosos
756 629 781 671 et
796 621 1043 670 turbulentissimos...
1057 632 1118 672 scu.

124 694 210 733 suan.
241 683 306 732 Cum
314 684 442 734 Plancium
451 686 682 748 segniustribunatu
691 700 736 736 suo
744 701 819 749 quam
830 686 951 750 quosdam
962 684 1122 748 conlegarum

124 747 235 797 iunctum
253 747 343 798 Cicero
361 764 452 812 negare
469 766 519 798 non
536 757 627 814 posset,
641 749 740 800 laudem
755 750 779 799 ei
791 750 921 814 adquirere
938 764 968 798 ex
982 764 1013 798 eo
1027 749 1117 809 studet,

124 812 192 876 quod
202 811 265 861 nihil
276 813 302 861 in
313 812 439 863 tribunatu
450 813 571 863 eiusmodi
586 815 688 863 molitus
702 815 744 871 sit,
754 821 781 863 ut
798 814 848 878 qui
865 812 1054 863 obsisterent
1070 813 1120 863 tri-

125 875 658 990 bunisvehementibusopusiuerit3
674 877 1121 942 rectequesanenumquamiutumm

124 941 198 990 fuisse
208 947 302 997 monet,
313 949 341 991 ut
351 941 444 991 tribuni
455 958 484 991 ve
502 953 613 991 ementes
624 943 828 1001 desiderarentur,
838 942 858 991 si
869 957 955 991 omnes
966 948 993 991 ut
1005 942 1122 992 Plancius

124 1021 140 1053 a
158 1005 231 1055 rebus
248 1005 319 1055 novis
337 1006 470 1055 moliendis
487 1021 541 1056 sese
559 1006 742 1057 abstinuissent.
784 1007 825 1055 Ita
843 1005 890 1056 etsi
908 1006 968 1055 scite
987 1014 1012 1056 et
1031 1006 1122 1056 callide

126 1070 212 1118 Planci
229 1070 382 1119 tribunatum
396 1070 489 1127 laudat,
508 1085 594 1120 revera
612 1079 696 1120 tamen
714 1070 824 1120 minume
841 1086 887 1120 nec
905 1069 986 1134 potuit
1005 1070 1119 1136 probare,

125 1148 182 1182 cum
197 1133 263 1182 illius
279 1133 339 1183 anni
355 1141 468 1198 tempora
483 1133 631 1198 flagitarent,
647 1142 675 1185 ut
691 1135 845 1185 vehementis
860 1150 887 1184 se
903 1134 996 1184 tribuni
1012 1142 1120 1198 praesta·

125 1204 187 1257 rent,
200 1198 244 1262 qui
254 1205 321 1247 recte
331 1198 480 1262 gubernasse
495 1214 574 1262 remp.
586 1199 665 1248 videri
681 1200 782 1258 vellent,
798 1214 845 1248 nec
860 1199 975 1263 probavit
990 1214 1117 1266 umquam,

84 1301 90 1321 ,
124 1261 168 1311 ubi
179 1277 210 1312 ex
220 1262 297 1312 animi
308 1262 431 1312 sententia
441 1262 473 1312 de
483 1262 589 1313 tribunis
599 1263 666 1313 illius
676 1263 736 1313 anni
746 1262 865 1313 iudicium
875 1263 942 1314 fecit.
972 1275 1008 1313 w.

171 1363 191 1410 1.
205 1365 228 1410 9.
261 1373 342 1419 quam
351 1361 409 1422 isti]
426 1361 468 1411 the
480 1359 590 1412 tribunes
602 1361 632 1412 of
645 1361 688 1412 the
703 1378 763 1426 year
779 1374 833 1413 nc.
851 1374 890 1425 57,
910 1362 978 1427 eight
994 1362 1024 1412 of
1036 1363 1122 1412 whom

126 1441 190 1474 were
206 1426 233 1474 in
249 1425 336 1475 favour
349 1426 379 1477 of
392 1426 488 1476 Cicero.
523 1427 579 1476 The
590 1432 653 1476 term
663 1427 788 1476 vehemens
798 1443 849 1477 was
859 1427 964 1477 suitable
974 1434 1001 1477 to
1011 1428 1042 1477 T.
1056 1427 1121 1477 Milo

125 1491 175 1539 and
186 1491 214 1540 P.
228 1489 323 1541 Sestius
333 1498 448 1556 amongst
459 1491 536 1549 them,
548 1492 654 1541 because
664 1492 699 1555 by
709 1486 773 1542 their
783 1498 859 1542 street
869 1491 943 1555 fights
956 1492 1015 1555 they
1025 1492 1121 1542 carried

125 1555 168 1604 the
183 1561 267 1606 retum
281 1557 311 1605 oi
322 1555 419 1612 Cicero,
437 1556 498 1606 Intr.
516 1557 530 1616 fl
546 1571 568 1608 a.
603 1556 628 1606 It
643 1571 695 1606 was
711 1561 757 1606 not
772 1556 913 1620 applicable
929 1563 956 1606 to
972 1572 1023 1620 any
1036 1555 1066 1605 oi
1077 1557 1121 1607 the

125 1620 264 1684 colleagues
282 1619 312 1670 of
331 1620 447 1670 Plancius
465 1620 495 1670 of
510 1621 553 1671 the
569 1635 628 1684 year
647 1619 686 1682 56,
707 1628 823 1684 amongst
840 1620 924 1670 whom
942 1636 979 1670 we
999 1620 1076 1669 know
1094 1619 1125 1670 of

127 1685 156 1735 L.
170 1685 288 1744 Racilius,
302 1700 318 1734 a
328 1685 409 1736 friend
420 1686 449 1734 oi
457 1684 499 1735 the
510 1701 559 1735 cos.
574 1685 703 1740 Lentulus,
715 1685 839 1735 Antistius
849 1684 929 1735 Vetus
939 1686 989 1734 and
1006 1681 1034 1735 P.
1049 1684 1121 1735 Ruti·

126 1750 173 1798 lius
190 1750 283 1815 Lupus,
296 1765 329 1800 an
345 1764 435 1814 enemy
445 1750 475 1800 of
488 1749 599 1808 Clodius,
618 1750 669 1799 and
685 1749 716 1800 C.
737 1751 801 1800 Cato
817 1750 867 1798 aad
884 1749 914 1801 C.
934 1749 1042 1807 Cassius,
1058 1748 1122 1800 both

127 1813 218 1863 friends
232 1814 263 1863 of
274 1813 386 1864 Clodius.
422 1813 564 1864 Laterensis
574 1813 665 1863 indeed
675 1813 799 1864 mentions
810 1812 920 1863 Racilius
930 1814 944 1873 5
956 1824 995 1875 77,
1008 1813 1052 1863 but
1063 1829 1123 1878 may

125 1878 189 1927 have
204 1878 231 1929 iu
247 1878 287 1928 his
302 1879 393 1943 speech
404 1879 513 1928 extolled
523 1879 567 1928 the
577 1878 679 1941 activity
690 1879 720 1926 of
727 1878 769 1928 the
780 1878 871 1926 former
881 1877 998 1937 tribunes,
1012 1877 1038 1926 in
1049 1878 1122 1929 order

126 1951 153 2053 tp
168 1942 309 2006 depreciate
325 1942 368 1994 the
383 1943 489 1994 services
505 1942 535 1993 of
547 1941 663 1993 Plancius
679 1949 706 1992 to
723 1942 811 1993 Cicero
827 1943 861 2008 by
874 1941 913 1993 his
929 1942 1079 2008 description
1095 1943 1125 1993 of

126 2017 135 2055 t
154 2021 201 2055 em.
235 2011 329 2057 kbrxs

499 2196 670 2247 CHAPTER
686 2196 741 2247 XII

173 2326 250 2386 μθ,
265 2328 334 2376 itt.
366 2327 397 2375 tn
417 2324 583 2386 muna]=in
604 2332 767 2389 conspectu
788 2325 925 2384 omnium,
948 2324 985 2375 lit.
1012 2329 1057 2374 ‘on
1079 2325 1122 2375 the

125 2397 195 2454 stage
212 2389 228 2440 i.
236 2406 259 2440 e.
277 2390 306 2439 of
321 2389 407 2454 public
424 2388 484 2447 lise,'
503 2406 519 2439 a
536 2389 677 2454 proverbial
695 2390 848 2453 expression,
865 2391 898 2439 ci.
918 2390 1014 2439 Pseudo
1021 2390 1073 2439 Cic.
1081 2405 1122 2454 ep.

125 2456 159 2505 ad
170 2456 238 2504 Brut.
253 2467 263 2504 1
275 2468 291 2519 9
301 2456 315 2514 S
327 2454 400 2504 stibi
409 2455 574 2519 nuncpopulo
583 2460 607 2503 ct
618 2469 747 2513 scaenae,
764 2459 795 2504 nt
807 2453 908 2514 dicitur,
921 2455 1076 2503 seror'crrdum
1089 2460 1124 2502 est

126 2520 169 2568 i.e.
188 2523 252 2584 ‘you
273 2525 340 2568 must
361 2518 411 2568 live
434 2519 461 2568 in
479 2519 522 2567 the
538 2518 623 2582 public
641 2515 705 2581 eye,'
722 2517 755 2566 de
772 2524 834 2567 orat.
855 2529 889 2566 111
905 2519 919 2576 δ
936 2516 990 2573 162,
1008 2518 1124 2580 quamvis

124 2584 254 2647 sphaeram
270 2583 299 2632 in
316 2597 464 2640 scaenam,
479 2590 508 2631 nt
519 2582 620 2642 dicc'tur,
639 2581 752 2631 ottulm't
767 2582 881 2638 Ennius,
898 2581 933 2630 ib.
950 2593 972 2630 11
989 2582 1073 2642 3338,
1090 2582 1123 2632 dc

125 2665 175 2697 am.
187 2650 200 2708 ἕ
211 2659 251 2710 97,
266 2647 329 2698 Hor.
346 2647 399 2696 Sat.
409 2660 431 2697 11
444 2664 464 2708 1,
477 2659 504 2706 71
517 2648 563 2697 ubi
569 2663 595 2696 sc
603 2647 698 2709 avulgo
707 2653 843 2695 ctscacno
854 2646 882 2694 in
892 2651 980 2694 secreto
990 2653 1122 2702 remorant,

125 2712 193 2764 Ovid
203 2713 278 2763 Trist.
293 2723 304 2762 1
315 2712 360 2778 91.
371 2713 403 2776 48
414 2728 518 2761 scaena
530 2718 614 2762 nranct
622 2711 686 2760 dotes
692 2710 807 2774 grandis,
820 2710 905 2768 amice,
916 2716 980 2759 tuas.

174 2795 198 2841 sl
213 2795 364 2842 minus-at
379 2793 461 2854 osne]
486 2792 523 2840 ‘if
536 2798 654 2856 not-yet
671 2797 698 2840 at
715 2791 794 2846 least,'
812 2790 842 2840 ct'.
863 2790 877 2850 5
896 2804 926 2852 35
946 2789 962 2838 l.
981 2803 1020 2852 32,
1040 2805 1076 2840 or.
1095 2805 1121 2854 p.

127 2857 155 2906 Ρ.
168 2857 268 2919 Quinct.
279 2860 293 2917 θ
305 2868 336 2923 97
351 2857 480 2906 obsecravit
494 2863 525 2905 ut
538 2856 659 2921 aliquam,
669 2856 698 2905 si
709 2871 767 2905 non
776 2854 982 2920 propinquitatis,
994 2860 1025 2904 at
1036 2857 1124 2904 oetatc's

125 2937 190 2980 srcac,
203 2923 298 2970 sinon
315 2921 433 2979 hominis,
444 2927 477 2971 at
486 2920 652 2971 humanitatis
662 2921 782 2970 rationem
791 2920 897 2979 haberet,
910 2935 947 2969 or.
959 2936 983 2983 p.
998 2919 1054 2968 Mil.
1065 2920 1079 2979 ἕ
1107 2935 1121 2983 3

124 2987 152 3034 si
172 2985 236 3034 milri
251 2987 313 3034 bono
332 3000 360 3034 re
374 2986 475 3049 publica
488 2985 552 3051 frui
567 3001 618 3035 non
636 2985 737 3046 licerit,
758 2990 791 3034 at
808 2984 891 3034 carebo
908 2985 982 3034 molo.
1018 2982 1058 3034 Cf.
1076 2933 1122 3034 (apr.

126 3052 147 3098 et
155 3047 294 3109 air-illi,
309 3049 431 3100 Devarius
441 3051 473 3100 de
484 3058 548 3115 part.
560 3050 601 3100 ed.
613 3050 695 3111 Klotz,
709 3065 734 3115 p.
749 3049 774 3108 6,
785 3065 812 3115 p.
827 3065 864 3114 14.

170 3147 190 3196 1.
204 3149 242 3196 1³.
274 3148 308 3196 ut
317 3148 394 3196 vivat
403 3158 463 3196 oum
473 3146 539 3209 suls]
559 3145 631 3197 ‘how
641 3146 674 3197 he
684 3147 746 3198 lives
758 3145 819 3198 with
829 3147 869 3197 his
880 3145 985 3212 family!

171 3241 191 3286 1.
203 3242 242 3286 14.
273 3240 372 3301 pietas]
388 3238 461 3290 ‘filial
472 3239 551 3306 duty,’
562 3241 622 3291 here
632 3241 761 3292 described
772 3257 800 3292 as
803 3242 1000 3305 fundamentum
1011 3241 1121 3293 omnium

123 3301 258 3361 virtutum,
269 3303 295 3352 in
306 3305 319 3364 5
330 3304 390 3354 801.
402 3303 418 3355 6
429 3321 457 3355 as
468 3307 582 3356 voluntas
589 3313 665 3370 grato
676 3307 705 3357 in
710 3308 834 3373 parentis.

169 3400 242 3449 th.
273 3401 358 3451 mutto
369 3400 455 3465 nous]
471 3417 506 3453 sc.
517 3402 640 3454 acdeus.
