2406 3788
116 211 151 250 ιι
374 189 421 248 M.
447 186 581 247 ruta!
606 185 852 246 creanoms
996 180 1055 265 [xr
1073 183 1109 242 28

114 317 296 381 Macedonia
308 316 350 377 sic
364 336 432 378 eum
445 313 548 392 diligit,
560 325 593 376 ut
606 313 738 376 indicant
751 315 782 375 hi
795 313 943 393 principes
957 314 1109 376 civitatum

114 433 231 474 suarum
236 435 245 489 3
266 412 400 490 quicum
420 411 501 471 missi
520 410 577 471 sint
594 413 634 472 ob
655 412 742 472 aliam
760 432 889 485 causam,
905 423 1004 472 tamen
1022 412 1109 473 huius

113 508 269 586 repentino
282 507 413 585 periculo
427 508 568 568 commoti
583 507 651 568 huic
671 507 809 582 assident,
825 528 880 585 pro
893 510 952 569 hoc
965 511 1108 581 laborant,

113 605 182 664 huic
203 604 227 664 si
249 614 367 682 praesto
390 603 506 677 suerint,
527 603 635 681 gratius
658 624 690 665 se
713 603 879 666 civitatibus
901 604 962 665 suis
982 607 1109 665 facturos

113 711 219 776 putant
243 720 332 777 quam
356 699 381 759 si
401 699 579 776 legationem
603 719 687 760 suam
710 711 740 761 et
760 702 900 762 mandata
919 701 1107 762 confecerint.
1137 724 1149 762 ⁵

115 799 148 857 L.
164 817 234 858 vero
246 796 390 874 Apuleius
404 797 485 855 hunc
499 796 571 855 tanti
585 796 662 870 facit,
677 809 711 858 ut
729 818 841 860 morem
858 798 941 858 illum
955 798 1108 874 maiorum,

115 892 166 968 qui
180 890 348 970 praescribit
361 891 393 950 in
410 904 565 968 parentum
586 896 653 956 loco
671 894 873 971 quaestoribus
888 894 947 953 suis
961 904 1111 970 praetores

114 1006 179 1047 esse
203 999 346 1065 oportere,
368 987 470 1048 officiis
493 990 758 1067 benevolentiaque
782 990 932 1066 superarit.
976 989 1111 1050 tribunus

114 1081 208 1159 plebis
228 1083 290 1155 suit,
312 1102 373 1142 non
393 1085 515 1145 sortasse
536 1095 595 1145 tam
617 1086 777 1146 vehemens
798 1104 888 1161 quam
908 1084 963 1157 isti,
982 1105 1057 1161 quos
1078 1096 1110 1144 tu

115 1179 177 1241 iure
190 1183 302 1267 laudas,
318 1181 371 1240 sed
385 1193 463 1241 certe
477 1182 550 1255 talis,
566 1184 668 1258 quales
684 1181 709 1242 si
728 1201 831 1242 omnes
849 1200 965 1258 semper
978 1181 1109 1253 fuissent,
1126 1210 1150 1236 ιο

64 1287 102 1344 29
116 1296 278 1354 numquam
317 1277 499 1338 desideratus
536 1280 696 1338 vehemens
730 1289 807 1338 esset
840 1277 981 1337 tribunus.
1045 1280 1109 1336 XII

116 1372 221 1433 omitto
245 1371 302 1445 illa,
318 1392 395 1449 quae
417 1372 442 1433 si
463 1372 561 1433 minus
585 1372 616 1432 in
638 1392 746 1433 scaena
769 1383 845 1448 sunt,
872 1383 902 1432 at
929 1385 1016 1446 certe,
1041 1392 1110 1432 cum

116 1479 185 1529 sunt
208 1470 331 1545 prolata,
356 1465 519 1541 laudantur,
545 1481 577 1529 ut
601 1469 679 1532 vivat
706 1488 774 1530 cum
802 1469 870 1543 suis,
895 1469 1111 1547 primumcum

115 1577 347 1643 parente-nam
361 1586 430 1627 meo
442 1566 553 1628 iudicio
566 1567 661 1644 pietas
679 1569 905 1628 fundamentum
920 1577 964 1627 est
978 1565 1111 1627 omnium

115 1661 305 1736 virtutum-,
334 1681 423 1739 quem
449 1674 564 1723 veretur
590 1674 624 1723 ut
650 1664 878 1740 deum—neque
909 1663 987 1724 enim
1017 1664 1111 1722 multo
1127 1690 1150 1728 ις

116 1778 201 1819 secus
215 1770 260 1819 est
274 1778 379 1835 parens
393 1757 539 1834 liberis-,
554 1769 634 1820 amat
647 1780 716 1820 vero
730 1769 763 1819 ut
776 1762 917 1832 sodalem,
932 1772 965 1821 ut
984 1762 1111 1832 fratrem,

116 1868 149 1916 ut
162 1858 324 1933 aequalem.
368 1855 441 1932 quid
455 1856 553 1915 dicam
573 1875 640 1915 cum
660 1867 774 1933 patruo,
789 1876 858 1916 cum
872 1856 1028 1929 adfinibus,
1043 1875 1112 1915 cum

115 1952 298 2030 propinquis,
313 1972 381 2012 cum
399 1954 458 2013 hoc
472 1955 529 2014 Cn.
544 1952 710 2026 Saturnino,
726 1953 912 2013 ornatissimo
925 1953 1009 2013 viro?
1029 1951 1113 2011 cuius

117 2059 255 2124 quantam
277 2047 398 2107 honoris
417 2048 504 2107 huius
524 2048 717 2125 cupiditatem
734 2047 822 2107 fuisse
844 2047 972 2120 creditis,
988 2066 1056 2107 cum
1074 2047 1114 2105 vi-

118 2144 194 2204 detis
215 2145 310 2203 luctus
335 2143 531 2204 societatem?
568 2144 641 2221 quid
661 2147 700 2205 de
720 2164 769 2205 me
790 2144 896 2217 dicam,
919 2144 969 2220 qui
989 2143 1062 2202 mihi
1082 2143 1111 2202 in
1127 2168 1152 2194 20

117 2241 204 2300 huius
218 2240 349 2316 periculo
362 2260 429 2300 reus
443 2260 507 2302 esse
520 2241 641 2304 videor?
661 2241 785 2320 quidde
799 2242 844 2301 his
858 2252 902 2301 tot
916 2241 983 2301 viris
998 2241 1112 2314 talibus,

118 2358 193 2417 quos
206 2337 312 2398 videtis
325 2349 407 2398 veste
420 2343 555 2400 mutata?
589 2350 678 2416 atque
692 2341 767 2399 haec
781 2349 849 2399 sunt
862 2337 979 2412 indicia,
991 2336 1113 2411 iudices,

118 2433 214 2494 solida
232 2444 262 2494 et
280 2453 424 2510 expressa,
439 2436 515 2494 haec
534 2434 618 2511 signa
637 2432 792 2511 probitatis
810 2453 872 2493 non
890 2434 990 2493 fucata
1006 2432 1115 2494 sorensi

118 2531 225 2609 specie,
241 2531 295 2591 sed
315 2531 485 2592 domesticis
505 2531 603 2592 inusta
622 2531 700 2591 notis
713 2530 851 2591 veritatis.
870 2530 985 2590 Futtilis
1003 2541 1048 2591 est
1066 2531 1116 2591 illa

119 2627 283 2688 occursatio
302 2637 332 2687 et
353 2626 496 2687 blanditia
513 2627 675 2705 popularis:
696 2626 842 2704 aspicitur,
858 2646 920 2686 non
933 2638 1115 2688 attrectatur:
1128 2650 1152 2688 2⁵

67 2738 106 2796 30
119 2723 222 2802 procul
240 2732 369 2799 apparet,
384 2741 447 2782 non
466 2724 616 2797 excutitur,
634 2742 695 2782 non
713 2721 745 2781 in
763 2741 867 2782 manus
882 2722 1011 2782 sumitur.
1054 2742 1116 2783 om-

119 2822 206 2882 nibus
229 2820 315 2897 igitur
338 2821 425 2881 rebus
453 2832 588 2881 omatum
612 2820 773 2894 hominem,
796 2830 856 2880 tam
879 2821 1004 2880 extemis
1026 2839 1115 2898 quam

118 2915 297 2990 domesticis,
321 2935 384 2976 non
408 2917 495 2976 nullis
517 2918 605 2977 rebus
632 2914 798 2977 inferiorem
822 2935 911 2992 quam
938 2927 976 2988 te,
1001 2916 1116 2994 generis

119 3010 188 3072 dico
205 3023 236 3072 et
253 3011 390 3085 nominis,
406 3011 584 3088 superiorem
598 3010 670 3085 aliis,
685 3010 869 3089 municipum
889 3011 1051 3072 vicinorum
1072 3030 1118 3071 so·

118 3107 258 3167 cietatum
272 3107 379 3181 studio,
394 3126 528 3168 meorum
542 3118 709 3184 temporum
722 3106 874 3179 memoria,
889 3127 991 3184 parem
1009 3108 1116 3167 virtute
1131 3127 1157 3166 ³0

117 3203 283 3281 integritate
297 3205 443 3266 modestia
456 3205 584 3266 aedilem
598 3207 708 3265 sactum
722 3224 786 3266 esse
801 3203 934 3263 miraris?

180 3301 273 3359 Hunc
291 3309 322 3360 tu
336 3300 414 3361 vitae
428 3302 617 3378 splendorem
637 3301 759 3361 maculis
776 3300 906 3378 aspergis
922 3299 1006 3359 istis?
1046 3297 1118 3358 iacis

119 3392 272 3471 adulteria,
287 3412 364 3472 quae
384 3415 474 3456 nemo
493 3414 556 3457 non
576 3398 669 3458 modo
683 3397 814 3471 nomine,
831 3398 884 3458 sed
898 3415 937 3456 ne
951 3395 1118 3475 suspicione
