2406 3788
112 175 152 228 40
320 111 322 114 ⁵
370 157 417 216 ar
447 155 582 216 rara!
607 154 853 217 crceaours
896 195 902 219 .,
969 151 1054 234 prm
1071 169 1107 231 97

114 283 145 342 in
159 282 228 345 navi
241 292 305 343 tuta
321 294 356 343 ac
374 283 456 344 fideli
470 283 642 344 conlocatus
657 294 818 357 eorumque
831 299 933 358 preces
948 290 978 339 et
990 290 1060 339 vota
1069 279 1112 339 ‘de

117 398 186 439 meo
206 379 301 440 reditu
315 379 483 439 'exaudiens
505 376 706 454 Dyrrachium,
727 377 811 452 quod
830 388 891 436 erat
910 376 942 435 in
960 376 1019 435 fide
1035 394 1110 444 mea,

65 474 105 540 98
119 485 218 550 petere
244 474 394 535 contendi.
450 495 511 551 quo
535 494 603 534 cum
626 473 781 544 venissem,
810 471 944 550 cognovi,
972 471 1004 532 id
1032 471 1114 548 quod

118 568 278 642 audieram,
293 571 429 630 refertam
450 589 515 636 esse
536 569 690 630 Graeciam
712 567 1001 628 sceleratissimorum
1021 565 1115 627 horni-

116 683 188 722 num
207 684 243 723 ac
261 664 445 736 nefariorum,
459 683 587 740 quorum
607 663 730 740 impium
749 665 856 724 sermm
875 664 1016 741 ignesque
1027 661 1116 739 pesti·
1140 689 1151 725 s

115 761 192 821 seros
213 779 297 820 meus
317 759 367 821 ille
388 762 561 828 consulatus,
579 780 596 820 e
617 759 754 820 manibus
775 771 949 820 extorserat:
973 758 1025 836 qui
1046 770 1114 820 ante

116 858 258 933 quamde
279 875 347 917 meo
367 859 498 917 adventu
516 854 617 916 audire
634 855 808 932 potuissent,
823 876 891 915 curn
913 867 1013 916 tamen
1031 856 1114 916 abes-

24 1017 31 1038 ,
117 961 183 1011 sent
200 950 313 1028 aliquot
331 950 445 1011 dierum
459 949 545 1021 viam,
560 948 592 1008 in
614 950 823 1010 Macedoniam
844 951 883 1010 ad
901 950 1114 1026 Planciumque

116 1047 237 1123 perrexi.
279 1047 328 1106 hic
341 1068 411 1108 vero
425 1047 512 1107 simul
525 1058 615 1124 atque
629 1061 771 1107 materne
785 1048 922 1108 transisse
936 1048 1115 1125 cognovitff
1153 1103 1157 1108 .

117 1142 194 1217 audi,
223 1144 293 1204 audi
319 1156 408 1221 atque
432 1146 561 1217 attende,
587 1145 763 1219 Laterensis,
795 1157 828 1206 ut
855 1147 930 1207 scias
959 1146 1030 1222 quid
1045 1165 1113 1224 ¹ego
1123 1169 1147 1195 10

118 1239 240 1299 Plancio
264 1240 390 1300 debeam
412 1244 631 1318 confiteareque
651 1241 811 1317 aliquando
832 1262 880 1303 me
905 1242 986 1320 quod
1008 1241 1113 1301 faciam

117 1344 148 1392 et
169 1344 249 1410 grate
271 1346 301 1396 et
322 1335 371 1412 pie
392 1335 501 1398 facere:
531 1336 600 1395 huic
612 1337 746 1422 [autem],
757 1356 834 1413 quae
855 1357 909 1415 pro
931 1339 1025 1397 salute
1047 1357 1115 1398 mea

117 1430 219 1490 lecerit
232 1430 257 1491 si
271 1432 368 1492 minus
382 1435 534 1510 profutura
547 1431 614 1507 sint,
630 1435 735 1494 obesse
749 1445 827 1495 certe
846 1454 908 1494 non
923 1445 1114 1511 oportere—2

117 1544 188 1584 narn
207 1525 295 1586 simul
314 1546 417 1589 acme
442 1528 638 1606 Dyrrachium
657 1527 788 1605 attigisse
809 1529 935 1604 audivit,
956 1529 1055 1589 statim
1075 1531 1115 1590 ad

119 1640 168 1680 me
182 1620 331 1684 lictoribus
344 1623 484 1699 dimissis,
499 1625 662 1702 insignibus
680 1625 812 1701 abiectis,
825 1637 907 1687 veste
925 1638 1037 1686 mutata
1051 1645 1116 1702 pro
1128 1647 1151 1682 ιε

68 1711 106 1771 99
121 1719 214 1778 sectus
234 1731 285 1780 est.
337 1739 356 1780 o
378 1724 515 1782 acerbam
535 1722 615 1797 mihi,
637 1722 758 1795 iudices,
780 1723 953 1784 memoriam
974 1723 1116 1800 temporis

120 1814 197 1874 illius
217 1827 247 1876 et
270 1817 338 1889 loci,
361 1837 428 1876 curn
454 1818 503 1877 hic
525 1818 557 1878 in
581 1838 629 1878 me
651 1817 763 1891 incidit,
786 1840 855 1879 cum
875 1821 1047 1896 complexus
1072 1831 1116 1879 est

119 1913 341 1989 conspersitque
372 1914 500 1973 lacrimis
533 1934 589 1974 nec
617 1915 700 1992 loqui
723 1935 794 1992 prae
828 1935 961 1976 maerore
1001 1915 1115 1993 potuit!

117 2010 145 2068 Ο
180 2028 242 2069 rem
277 2028 346 2068 cum
376 2010 477 2069 auditu
509 2011 660 2070 crudelem
689 2022 754 2070 tum
784 2010 849 2070 visu
889 2011 1049 2072 nefariam!
1095 2030 1114 2071 o

118 2104 246 2180 reliquos
267 2103 364 2164 omnis
387 2104 450 2164 dies
465 2118 629 2181 noctesque
653 2124 712 2173 eas,
736 2105 842 2180 quibus
866 2105 922 2166 iste
944 2127 962 2166 a
985 2125 1034 2165 me
1053 2125 1113 2166 non
1126 2136 1151 2164 ω

118 2201 260 2260 recedens
281 2199 524 2259 Thessalonicam
548 2219 596 2259 me
619 2199 651 2258 in
675 2199 935 2276 quaestoriumque
958 2198 1114 2277 perduxit!

119 2295 168 2354 hic
182 2314 238 2372 ego
259 2314 339 2353 nunc
359 2294 397 2354 de
417 2306 550 2371 praetore
566 2293 762 2354 Macedoniae
781 2294 853 2354 nihil
872 2295 969 2355 dicam
989 2294 1115 2372 amplius

120 2388 176 2449 nisi
203 2408 272 2449 curn
302 2400 333 2449 et
362 2389 458 2448 civem
491 2389 637 2467 optimum
671 2408 787 2466 semper
819 2402 849 2450 et
881 2390 955 2450 mihi
986 2392 1116 2452 amicum

119 2486 217 2559 fuisse,
243 2487 295 2546 sed
324 2484 428 2545 eadem
456 2485 588 2547 timuisse
616 2504 692 2563 quae
719 2497 850 2548 ceteros:
878 2489 933 2548 Cn.
962 2488 1115 2548 Plancium

119 2583 208 2644 fuisse
236 2601 336 2653 unum,
363 2601 425 2642 non
453 2582 504 2659 qui
532 2581 630 2643 minus
657 2582 782 2654 timeret,
807 2584 868 2658 sed,
891 2583 916 2644 si
946 2583 1115 2646 acciderent
1126 2615 1151 2652 25

120 2699 163 2752 ea,
186 2698 262 2757 quae
283 2679 462 2751 timerentur,
484 2698 603 2739 mecum
630 2698 666 2740 ea
694 2679 791 2739 subire
819 2691 849 2740 et
875 2681 991 2758 perpeti
1017 2682 1113 2742 vellet

48 2775 106 2836 100
120 2776 180 2856 qui,
202 2799 272 2840 cum
292 2778 330 2838 ad
351 2796 400 2838 me
414 2779 458 2851 ¹L.
480 2777 609 2850 Tuber0,
632 2795 715 2836 meus
743 2776 933 2849 necessarius,
959 2775 1009 2854 qui
1036 2777 1116 2838 fratri

120 2895 188 2936 meo
214 2877 328 2952 legatus
354 2873 465 2948 suisset,
494 2875 643 2935 decedens
678 2893 715 2934 ex
741 2872 815 2934 Asia
844 2873 973 2934 venisset
1006 2893 1116 2950 easque

119 2972 248 3047 insidias,
270 2992 344 3050 quas
367 2971 440 3030 mihi
461 2982 578 3048 paratas
605 2972 644 3031 ab
674 2969 821 3031 exsulibus
848 2969 1007 3031 coniuratis
1034 2971 1116 3032 audi·

119 3080 188 3143 erat,
207 3071 247 3130 ad
266 3090 314 3130 me
333 3066 434 3129 animo
456 3066 636 3129 amicissimo
655 3066 816 3141 detulisset,
831 3066 862 3126 in
883 3067 986 3127 Asiam
1005 3087 1054 3129 me
1073 3067 1115 3129 ire
1127 3100 1152 3138 30

118 3176 238 3242 propter
259 3165 321 3226 eius
343 3164 512 3242 provinciae
534 3182 652 3225 mecum
674 3174 704 3224 et
727 3183 796 3223 curn
816 3182 884 3224 meo
904 3164 990 3225 fratre
1014 3183 1116 3225 neces·
1145 3161 1147 3165 ’

119 3257 279 3320 situdinem
306 3269 529 3336 comparantem
549 3269 677 3318 nonest
701 3277 822 3336 passus:
850 3256 879 3317 vi
905 3277 963 3330 me,
985 3256 1115 3334 inquam,

119 3353 255 3416 Plancius
269 3365 299 3416 et
313 3356 468 3432 complexu
483 3374 538 3417 suo
552 3353 672 3417 retinuit
686 3356 854 3433 multosque
869 3353 1006 3417 mensisa
1020 3354 1117 3435 capite
