2406 3788
468 112 521 215 M.
560 113 728 187 TVLLI
774 111 1076 188 CICERONIS

738 286 808 337 PRO

540 422 648 516 CN.
689 422 1003 517 PLANCIO

672 600 876 662 ORATIO

334 928 350 986 I
391 928 469 988 Cum
490 937 610 1003 propter
634 923 780 1002 egregiam
804 934 835 984 et
858 922 1035 999 singularem
1064 925 1119 984 Cn.
1147 924 1200 982 Pla

272 1021 395 1096 iudices,
423 1023 454 1083 in
476 1042 544 1082 mea
566 1023 660 1082 salute
681 1020 878 1081 custodienda
901 1022 992 1081 fidem
1019 1033 1081 1080 tam
1104 1023 1198 1080 multo

273 1123 370 1180 bonos
397 1120 474 1180 viros
497 1118 559 1180 eius
583 1117 690 1179 honori
710 1117 841 1177 viderem
866 1136 931 1178 esse
953 1119 1091 1190 fautores
1115 1117 1199 1194 capie

272 1215 375 1274 animo
396 1234 458 1275 non
485 1214 666 1274 mediocrem
692 1215 885 1288 voluptatem,
913 1212 1005 1288 quod,
1033 1211 1118 1270 cuius
1140 1212 1203 1271 offi

250 1310 347 1376 smihi
368 1310 454 1370 saluti
475 1309 585 1383 suisset,
608 1309 637 1370 ei
660 1328 795 1370 meorum
819 1317 985 1384 temporum
1013 1307 1187 1367 memoriam

272 1406 378 1484 fragari
397 1407 556 1467 videbam:
575 1425 644 1465 cum
657 1416 757 1465 autem
772 1403 904 1464 audirem
918 1423 1002 1464 meos
1016 1402 1144 1480 partimi
1167 1403 1174 1416 ⁰

273 1503 379 1580 partim
401 1501 520 1563 invidos
542 1502 612 1562 huic
633 1500 816 1562 accusationi
839 1520 904 1561 esse
926 1502 1055 1561 fautores
1083 1503 1178 1562 eande

271 1620 335 1660 rem
356 1600 551 1662 adversariam
572 1620 638 1662 esse
659 1600 690 1661 in
712 1599 823 1661 iudicio
844 1601 899 1661 Cn.
924 1599 1055 1673 Planci0,
1072 1620 1149 1677 quae
1170 1599 1201 1659 in

273 1695 378 1758 titione
394 1696 496 1758 suisset
513 1695 646 1772 adiutrix,
662 1696 810 1768 dolebam,
826 1694 948 1769 iudices,
964 1705 994 1756 et
1007 1697 1114 1756 acerbe
1128 1698 1203 1756 fere

238 1819 262 1845 ιο
274 1792 298 1852 si
321 1793 408 1853 huius
428 1795 507 1854 salus
528 1794 654 1853 obeam
673 1791 768 1869 ipsam
789 1811 908 1851 causam
929 1802 1006 1852 esset
1026 1791 1165 1864 infestior,

272 1887 298 1949 is
318 1908 417 1948 meam
437 1891 561 1948 salutem
583 1898 673 1964 atque
693 1888 784 1948 vitam
806 1907 860 1946 sua
881 1887 1097 1959 benevolentia,
1122 1906 1203 1964 prae

272 1985 468 2061 custodiaque
495 1983 622 2044 texisset.
672 2003 753 2042 nunc
780 1995 879 2043 autem
906 1996 1010 2057 vester,
1045 1986 1168 2056 iudices,

272 2092 391 2160 spectus
412 2092 443 2142 et
465 2100 621 2141 consessus
642 2080 698 2141 iste
718 2082 811 2142 reficit
829 2093 859 2142 et
877 2093 990 2142 recreat
1011 2094 1141 2143 mentem
1162 2102 1203 2140 ma

272 2197 341 2237 cum
357 2177 474 2237 intueor
491 2188 522 2238 et
539 2178 726 2253 contemplor
742 2196 836 2235 unum
850 2196 997 2254 quemque
1011 2190 1154 2238 vestrum:
1178 2197 1199 2235 v

237 2273 354 2348 15enim
380 2272 494 2333 hocin
521 2292 646 2332 numero
672 2273 824 2333 neminem
852 2273 900 2333 cui
923 2294 990 2338 mea
1017 2277 1095 2333 salus
1119 2293 1180 2333 non

273 2371 367 2445 suerit,
389 2369 472 2430 cuius
492 2389 553 2429 non
575 2381 669 2430 exstet
688 2369 720 2428 in
740 2389 789 2429 me
810 2389 959 2430 summum
977 2370 1123 2441 meritum,
1141 2368 1188 2428 cui

274 2467 329 2528 sim
352 2465 510 2527 obstrictus
530 2466 673 2528 memoria
696 2467 833 2527 beneficii
855 2468 1040 2544 sempiterna.
1082 2466 1182 2542 itaque

274 2566 434 2628 extimesco
452 2584 491 2626 ne
510 2567 566 2627 Cn.
588 2563 710 2625 Plancio
731 2565 867 2624 custodia
886 2584 970 2624 meae
993 2564 1094 2624 salutis
1116 2566 1196 2642 apud

273 2663 360 2737 obsit,
386 2661 438 2739 qui
459 2681 507 2722 me
531 2660 588 2739 ipsi
611 2660 741 2721 maxime
760 2662 872 2720 salvum
881 2653 1007 2737 [videre]
1021 2662 1186 2735 voluerunt,

235 2793 260 2822 ,ο
273 2759 408 2835 piusque,
430 2756 551 2829 iudices,
572 2754 645 2815 mihi
665 2755 746 2815 venit
766 2755 797 2814 in
818 2750 949 2816 men'tem
973 2755 1182 2816 admirandum

274 2857 317 2915 M.
341 2856 541 2924 laterensem
559 2850 714 2911 hominem
736 2846 982 2910 studiosissimum
1005 2863 1035 2909 et
1062 2849 1203 2927 dignitati

359 2978 396 3028 H.
1173 2977 1199 3017 x
