2406 3788
95 169 189 227 XLII
203 164 274 248 102]
294 168 389 228 PRO'
415 169 481 229 CN.
502 168 703 229 'PLANCIO
727 166 901 229 'ORATIO
1058 186 1093 238 41

94 317 166 358 meo
189 317 253 358 non
280 295 415 358 discessit
438 297 555 358 abiecta
578 296 747 372 quaestoria
771 316 898 374 persona
921 293 1097 372 comitisque

94 397 224 471 sumpta.

157 489 249 549 XLII
291 490 320 550 O
341 488 479 550 excubias
497 501 572 561 tuas,
592 491 649 551 Cn.
672 488 782 562 Planci,
797 488 935 549 miseras!
956 508 976 549 o
992 486 1096 548 flebilis
1112 486 1168 549 101

95 585 227 663 vigilias!
248 606 268 647 o
289 585 385 646 noctis
403 587 541 647 acerbas!
569 605 588 646 ο
612 587 779 646 custodiam
803 585 892 645 etiam
913 585 972 645 mei
992 583 1098 660 capitis

72 681 263 750 sinfelicem!
284 681 309 741 si
323 681 443 758 quidem
458 701 513 759 ego
527 681 580 742 tibi
594 681 677 742 vivus
691 701 752 741 non
766 700 895 758 prosum,
911 681 962 759 qui
976 684 1098 743 fortasse

96 787 231 837 mortuus
245 775 428 854 profuissem.
470 776 592 836 memini
606 777 694 850 enim,
710 776 832 837 memini
846 796 944 852 neque
957 796 1098 852 umquam

96 872 254 934 obliviscar
266 873 363 934 noctis
376 873 462 947 illius,
477 893 546 933 cum
562 873 616 933 tibi
630 871 768 950 vigilanti,
784 872 940 945 adsidenti,
955 872 1099 933 maerenti

95 988 175 1028 vana
197 971 345 1046 quaedam
370 969 567 1047 miseratque
588 970 689 1030 inania
708 972 782 1051 falsa
802 989 854 1046 spe
874 967 1013 1030 inductus
1037 971 1100 1046 pol·

96 1064 219 1124 licebat:
240 1084 298 1136 me,
313 1064 338 1124 si
355 1085 450 1125 essem
468 1063 501 1124 in
518 1065 644 1142 patriam
663 1066 819 1137 restitutus,
838 1076 1024 1143 praesentem
1045 1064 1099 1126 tibi

61 1157 206 1235 agrarias
226 1161 399 1220 relaturum:
427 1160 473 1218 sin
497 1172 548 1221 aut
567 1160 659 1222 vitam
682 1159 754 1222 mihi
779 1164 839 1222 lors
862 1158 1020 1221 ademisset
1043 1169 1094 1220 aut

94 1253 141 1313 vis
159 1253 258 1330 aliqua
276 1251 370 1312 maior
389 1251 517 1312 reditum
538 1251 719 1328 peremisset,
740 1253 804 1325 hos,
825 1253 998 1328 hos-quos
1019 1250 1100 1310 enim

98 1367 155 1426 ego
168 1360 233 1410 tum
247 1348 322 1409 alios
336 1347 436 1408 animo
449 1347 748 1409 intuebari-omnia
761 1348 816 1409 tibi
833 1349 950 1408 illorum
964 1348 1099 1407 laborum

99 1444 231 1522 praemia
252 1464 307 1523 pro
331 1463 380 1504 me
403 1445 612 1521 persoluturos.
665 1444 738 1520 quid
765 1464 814 1504 me
841 1445 998 1521 aspectus?
1028 1441 1101 1519 quid

99 1559 167 1600 mea
187 1539 333 1617 promissa
355 1538 485 1615 repetis?
505 1538 579 1615 quid
599 1558 698 1598 meam
721 1540 814 1599 fidem
835 1539 999 1615 imploras?
1029 1536 1101 1596 nihil

63 1663 87 1699 τε
100 1635 154 1697 tibi
167 1655 224 1713 ego
241 1646 306 1695 tum
325 1637 363 1696 de
382 1635 457 1696 meis
475 1637 583 1713 opibus
604 1635 772 1714 pollicebar,
789 1636 842 1694 sed
857 1637 895 1695 de
913 1637 1020 1693 horum
1034 1653 1102 1711 erga

99 1752 149 1792 me
175 1732 384 1793 benevolentia
410 1732 638 1809 promittebam:
669 1733 725 1792 hos
753 1750 806 1807 pro
834 1751 882 1791 me
910 1731 1017 1807 lugere,
1047 1730 1102 1789 hos

98 1849 227 1905 gemere,
251 1829 307 1888 hos
330 1830 482 1889 decertare
509 1848 563 1905 pro
586 1847 655 1888 meo
679 1827 775 1903 capite
797 1828 845 1886 vel
869 1825 946 1887 vitae
970 1825 1102 1903 periculo

100 1925 175 1985 velle
193 1924 345 1985 videbam:
367 1926 406 1985 de
426 1927 534 1985 horum
551 1923 709 1998 desiderio,
725 1926 816 1996 luctu,
836 1923 972 2001 querellis
993 1923 1103 1984 cotidie

61 2096 65 2103 ¹
100 2017 212 2096 aliquid
233 2030 334 2080 tecum
356 2020 444 2080 simul
471 2019 647 2080 audiebam:
677 2039 757 2079 nunc
778 2018 870 2080 timeo
893 2038 931 2078 ne
953 2018 1026 2077 nihil
1049 2017 1103 2078 tibi

64 2150 90 2176 20
101 2127 215 2193 praeter
227 2116 363 2177 lacrimas
383 2137 490 2194 queam
510 2117 643 2189 reddere,
658 2137 733 2193 quas
750 2127 782 2176 tu
800 2116 831 2175 in
851 2117 926 2176 meis
940 2115 1104 2177 acerbitati-

101 2215 156 2275 bus
166 2213 308 2292 plurimas
322 2212 459 2272 effudisti.
491 2212 564 2288 quid
576 2211 656 2271 enim
665 2231 788 2289 possum
799 2212 879 2271 aliud
894 2212 949 2272 nisi
964 2231 1102 2284 maerere,
1118 2214 1176 2273 102

101 2310 158 2371 nisi
176 2313 254 2382 flere,
270 2308 326 2368 nisi
344 2320 375 2369 te
394 2328 464 2368 cum
484 2328 551 2368 mea
571 2310 665 2368 salute
686 2309 867 2386 complecti?
908 2311 1032 2369 salutem
1050 2308 1103 2368 tibi

103 2406 201 2467 eidem
219 2407 291 2466 dare
308 2415 441 2482 possunt,
460 2404 511 2480 qui
529 2402 602 2462 mihi
622 2404 823 2464 reddiderunt.
866 2416 896 2466 te
916 2415 1105 2465 tamen-ex·
1146 2440 1148 2444 -

103 2523 195 2580 surge,
213 2502 501 2580 quaeso—retinebo
515 2513 545 2561 et
559 2504 748 2578 complectar,
764 2523 820 2563 nec
831 2524 879 2564 me
894 2505 989 2563 solum
1001 2505 1104 2580 depre-

66 2610 233 2666 25Cat01'em
254 2600 438 2658 fortunarum
460 2609 586 2669 tuarum,
609 2598 662 2657 sed
682 2597 824 2658 comitem
845 2598 1018 2674 sociumque
1038 2618 1104 2675 pro·

102 2697 208 2755 fitebor
213 2718 221 2770 3
242 2706 341 2771 atque,
357 2706 391 2753 ut
405 2713 500 2771 spem,
513 2713 603 2754 nemo
614 2694 668 2754 erit
678 2705 739 2754 tam
750 2694 862 2755 crudeli
871 2693 972 2754 animo
984 2705 1104 2771 tamque

102 2792 269 2853 inhumano
284 2810 340 2851 nec
359 2801 421 2850 tam
438 2791 596 2852 immemor
614 2811 676 2852 non
695 2792 795 2853 dicam
813 2811 947 2852 meorum
961 2791 992 2850 in
1008 2793 1104 2852 bonos

103 2891 281 2965 meritorum,
298 2893 352 2951 sed
372 2892 521 2951 bonorum
542 2889 573 2949 in
596 2909 653 2962 me,
673 2888 724 2967 qui
745 2910 763 2949 a
784 2908 832 2949 me
849 2887 908 2948 mei
926 2898 1104 2948 servatorem

104 2990 208 3069 capitis
217 2989 337 3050 divellat
350 3008 386 3048 ac
395 2988 544 3049 distrahat
581 3008 643 3049 non
655 3008 710 3066 ego
722 2987 795 3048 meis
806 2997 942 3047 ornatum
953 2984 1105 3047 beneficiis

68 3085 218 3155 30avobis
241 3085 392 3160 deprecor,
407 3083 528 3157 iudices,
548 3086 601 3144 sed
620 3085 776 3144 custodem
797 3079 898 3140 salutis
920 3098 1020 3140 meae:
1043 3100 1105 3141 non

105 3183 211 3261 opibus
230 3182 391 3257 contendo,
410 3201 472 3242 non
491 3181 673 3255 auctoritate,
689 3201 752 3241 non
770 3178 871 3257 gratia,
886 3180 939 3239 sed
957 3178 1103 3257 precibus,

105 3281 160 3341 sed
182 3279 319 3353 lacrimis,
341 3280 396 3340 sed
416 3279 635 3353 misericordia:
662 3297 841 3355 mecumque
867 3298 922 3339 vos
946 3279 1033 3340 simul
1057 3280 1106 3342 hic

106 3376 284 3439 miserrimus
299 3388 328 3438 et
343 3376 472 3456 optimus
488 3379 653 3439 obtestatur
666 3394 773 3452 parens
787 3387 817 3437 et
830 3394 885 3454 pro
900 3396 961 3439 uno
971 3377 1032 3439 filio
1043 3380 1105 3441 duo
