2406 3788
112 209 150 266 30
363 189 411 248 aa
438 189 574 248 wrm
599 187 844 250 &aaronis
950 156 1053 270 [xxx
1068 206 1104 264 μ

110 317 190 394 poris
204 336 293 377 causa
307 319 424 395 fingere.
468 315 579 379 scilicet
593 319 685 380 homo
704 317 821 396 sapiens
840 317 1002 398 excogitavi
1015 339 1104 396 quam

109 416 235 475 obrem
259 412 373 474 viderer
397 414 533 476 maximis
554 415 693 476 beneficii
715 415 821 495 vinclis
845 417 1012 491 obstrictus,
1037 435 1105 478 cunr

108 508 182 568 liber
199 525 297 568 essem
314 520 345 569 et
363 511 484 569 solutus.
527 509 601 585 quid
620 509 722 570 enim?
742 509 815 569 mihi
829 512 870 571 ad
883 512 1105 572 defendendum

110 603 263 664 Plancium
281 624 387 681 parum
406 597 524 678 multae,
540 627 643 684 parum
661 606 756 668 iustae
775 608 1009 670 necessitudines
1023 624 1106 672 erant

107 700 319 774 familiaritatis,
329 701 495 776 vicinitatis
508 705 598 780 patris
612 703 777 764 amicitiae?
795 724 872 782 quae
885 705 910 765 si
924 726 986 767 non
997 721 1103 781 essent,
1133 738 1145 775 s

107 816 229 870 vererer,
244 799 343 871 credo,
358 814 397 858 ne
415 797 539 876 turpiter
556 800 691 872 facerem,
708 799 733 861 si
753 802 813 861 hoc
830 804 989 880 splendore
1005 817 1035 865 et
1049 807 1105 864 hac

47 910 50 916 ·
108 893 251 972 dignitate
264 894 416 955 hominem
430 897 628 957 defenderem.
664 899 804 974 fingenda
816 899 889 959 mihi
903 900 957 961 fuit
968 899 1105 962 videlicet

108 1010 197 1051 causa
214 1002 361 1067 peracuta,
376 1003 409 1052 ut
428 991 463 1064 ei,
479 1012 568 1069 quem
587 991 660 1052 mihi
679 995 789 1054 debere
807 1007 963 1071 oporteret,
979 1015 1035 1073 ego
1056 1016 1104 1056 me

108 1089 210 1149 omnia
226 1091 336 1151 debere
355 1088 492 1150 dicerem.
535 1100 566 1150 at
579 1089 611 1150 id
625 1088 714 1150 etiam
733 1090 855 1168 gregarii
873 1093 979 1153 milites
994 1090 1104 1153 faciunt

107 1185 198 1257 inviti,
208 1197 240 1246 ut
254 1205 396 1246 coronam
410 1187 482 1245 dent
496 1184 621 1246 civicam
635 1198 711 1257 etse
729 1190 768 1247 ab
782 1186 882 1265 aliquo
896 1201 1026 1249 servatos
1039 1183 1103 1250 esse
1118 1227 1142 1253 to

107 1283 262 1357 fateantur,
277 1302 338 1343 non
357 1301 418 1360 quo
438 1293 523 1358 turpe
542 1281 579 1344 sit
600 1295 768 1360 protectum
787 1284 819 1343 in
837 1284 901 1345 acie
918 1305 956 1345 ex
973 1284 1103 1352 hostium

107 1377 243 1438 manibus
261 1377 446 1456 eripi-nam
466 1377 499 1437 id
517 1377 652 1439 accidere
670 1379 727 1439 nisi
745 1378 813 1439 sorti
831 1377 893 1440 viro
912 1392 942 1441 et
959 1379 1104 1458 pugnanti

69 1520 70 1524 ,
105 1472 272 1535 comminus
299 1494 362 1535 non
388 1485 536 1552 potest-,
564 1477 619 1536 sed
640 1496 715 1537 onus
740 1475 877 1538 beneficii
900 1477 1102 1552 reformidant,

15 1593 17 1597 ·
55 1588 93 1647 73
106 1572 187 1648 quod
200 1591 394 1649 permagnum
408 1584 452 1632 est
463 1571 561 1632 alieno
575 1573 684 1634 debere
698 1572 779 1634 idem
788 1576 869 1650 quod
883 1573 1006 1652 parenti.
1036 1594 1101 1653 ego,
1168 1613 1171 1617 ν

106 1686 175 1727 cum
197 1667 286 1727 ceteri
307 1687 377 1728 vera
397 1666 551 1742 beneficia,
579 1668 669 1728 etiam
697 1669 821 1744 minora,
843 1669 1036 1746 dissimulent,
1063 1690 1141 1743 ne15

103 1761 227 1839 ‚obligati
248 1782 313 1823 esse
335 1762 498 1838 videantur,
525 1783 562 1824 eo
586 1784 635 1824 me
662 1765 808 1826 beneficio
837 1766 1010 1826 obstrictum
1038 1783 1103 1827 esse

106 1860 259 1933 ementior,
274 1859 321 1920 cui
335 1880 374 1921 ne
387 1859 485 1920 referri
495 1860 616 1938 quidem
627 1861 718 1939 gratia
728 1882 816 1941 posse
825 1863 975 1923 videatur?
995 1883 1034 1922 an
1043 1865 1103 1923 hoc

106 1967 146 2026 tu,
157 1957 332 2027 Laterensis,
348 1955 483 2032 ignoras?
503 1955 554 2033 qui
568 1976 636 2017 cum
649 1957 722 2017 mihi
733 1976 812 2018 esses
821 1956 1023 2030 amicissimus,
1033 1977 1102 2016 cum

104 2054 152 2113 vel
172 2051 335 2130 periculum
348 2053 426 2114 vitae
445 2064 514 2113 tuae
532 2073 651 2113 mecum
669 2053 782 2114 sociare
797 2053 948 2125 voluisses,
964 2073 1031 2113 cum
1053 2071 1102 2112 me

105 2144 136 2205 in
159 2147 210 2206 illo
232 2145 307 2207 tristi
328 2158 359 2208 et
378 2148 487 2208 acerbo
511 2147 591 2206 luctu
613 2158 704 2223 atque
728 2145 859 2206 discessu
888 2165 951 2207 non
974 2144 1102 2205 lacrimis
1115 2184 1141 2212 ,ο

102 2245 202 2303 solum
223 2242 280 2303 tuis
300 2245 354 2304 sed
371 2241 471 2303 animo
489 2261 612 2319 corpore
631 2241 726 2320 copiis
743 2253 915 2319 prosecutus
929 2260 1017 2315 esses,
1032 2260 1101 2302 cum

105 2357 189 2399 meos
202 2338 311 2399 liberos
332 2350 362 2399 et
381 2357 502 2399 uxorem
524 2356 573 2396 me
593 2337 716 2398 absente
737 2337 795 2397 tuis
814 2336 920 2415 opibus
934 2336 1102 2414 auxilioque

106 2434 297 2509 defendisses,
313 2436 356 2495 sic
374 2454 492 2496 mecum
511 2454 628 2512 semper
646 2434 739 2512 egisti,
758 2445 788 2494 te
805 2433 878 2493 mihi
896 2433 1044 2494 remittere
1062 2445 1104 2494 at·

105 2551 164 2609 que
172 2534 345 2605 concedere,
355 2544 389 2592 ut
399 2552 488 2592 omne
503 2551 603 2591 meum
614 2531 747 2592 studium
757 2530 788 2591 in
800 2532 855 2592 Cn.
867 2530 980 2591 Plancii
989 2532 1103 2592 honore

105 2648 317 2703 consumerem,
333 2629 416 2703 quod
436 2627 498 2687 eius
514 2627 545 2687 in
565 2647 614 2688 me
632 2627 770 2688 meritum
792 2624 845 2687 tibi
864 2625 954 2687 etiam
968 2626 1025 2704 ipsi
1042 2647 1103 2705 gra·
1116 2663 1141 2702 2⁵

55 2739 169 2802 ‘14tum
183 2746 248 2789 esse
261 2726 391 2787 dicebas.
423 2724 495 2785 nihil
509 2737 610 2786 autem
624 2744 672 2785 me
686 2723 764 2798 novi,
777 2723 999 2801 nihil‘temporis
1013 2743 1103 2784 causa

106 2824 213 2896 dicere,
222 2841 323 2884 nonne
337 2819 426 2882 etiam
441 2833 484 2882 est
495 2820 546 2880 illa
559 2819 642 2881 testis
655 2818 758 2893 oratio,
770 2839 847 2896 quae
861 2832 907 2880 est
916 2839 935 2879 a
944 2839 993 2882 me
1008 2819 1103 2898 prima
1138 2857 1141 2864 -

106 2921 207 2982 habita
220 2919 251 2981 in
265 2921 389 2980 senatu?
408 2917 439 2977 in
453 2934 513 2992 qua
526 2936 594 2976 cum
613 2914 768 2994 perpaucis
786 2915 962 2977 nominatim
977 2916 1102 2994 egissem

106 3015 221 3094 gratias,
237 3016 320 3093 quod
336 3033 441 3076 omnes
462 3012 626 3074 enumerari
646 3014 729 3073 nullo
746 3012 838 3073 modo
861 3025 992 3090 possent,
1008 3014 1103 3073 scelus

107 3123 205 3172 autem
220 3123 298 3173 esset
316 3129 496 3188 quemquam
515 3106 671 3186 praeteriri,
687 3107 913 3184 statuissemque
934 3127 986 3169 eos
1006 3110 1101 3170 solum
1115 3144 1141 3181 30

107 3207 270 3278 nominare,
284 3206 336 3284 qui
356 3219 474 3266 nostrae
494 3222 601 3264 causae
621 3205 713 3264 duces
733 3216 763 3266 et
784 3203 869 3282 quasi
889 3203 1017 3281 signiferi
1037 3203 1104 3264 fuis·

107 3313 182 3374 sent,
196 3301 228 3360 in
241 3301 288 3360 his
303 3300 425 3360 Plancio
438 3298 544 3376 gratias
553 3298 607 3376 egi
631 3298 768 3360 recitetur
778 3297 880 3370 oratio,
893 3318 970 3376 quae
983 3311 1102 3376 propter

106 3395 148 3459 rei
163 3395 394 3476 magnitudinem
410 3395 489 3456 dicta
507 3394 546 3454 de
560 3391 668 3472 scripto
683 3405 740 3456 est:
760 3392 866 3471 inqua
884 3412 939 3472 ego
953 3395 1045 3454 homo
1058 3413 1102 3454 as·
