2406 3788
147 199 184 237 ω
345 176 446 234 ar.
473 171 607 233 TVLLI
633 170 878 232 crcunoaus
1013 165 1085 248 [xx
1100 187 1139 244 49

144 318 227 366 eatae
242 304 342 373 tribus,
357 305 450 363 latum
468 301 645 378 suffragium,
661 298 797 360 diribitae
811 300 935 365 tabellae,
944 294 1140 357 renuntiatae:

144 403 232 477 longe
245 399 402 476 plurimum
416 397 513 481 valuit·
521 397 672 456 Plancius:
689 398 769 455 nulla
779 394 939 473 largitionis
950 415 1006 454 nec
1015 393 1069 454 suit
1083 413 1141 453 nec

144 515 209 556 esse
223 494 320 572 potuit
334 492 470 571 suspicio.
493 494 542 553 ain
561 493 701 553 tandem?
721 511 781 550 una
795 489 926 550 centuria
942 489 1142 567 praerogativa

144 601 259 650 tantum
283 590 373 649 habet
400 587 590 659 auctoritatis,
614 598 648 647 ut
671 606 761 647 nemo
788 606 930 663 umquam
954 606 1020 646 eam
1043 586 1142 645 tulerit

144 686 216 762 quin
235 686 423 746 renunciatus
445 688 482 746 sit
500 698 551 746 aut
569 685 611 746 eis
632 684 702 762 ipsis
723 683 850 744 comitiis
868 684 946 761 prior
966 685 1070 743 consul
1090 695 1142 743 aut
1169 719 1182 755 5

143 795 222 843 certe
236 782 267 843 in
281 783 364 842 illum
378 802 504 844 annum:
525 783 652 843 aedilem
667 793 699 841 tu
714 780 869 840 Plancium
885 784 995 841 sactum
1010 799 1075 841 esse
1088 779 1141 839 mi·

140 878 224 951 raris,
236 876 267 937 iu
281 896 342 953 quo
360 897 422 945 non
440 877 546 954 exigua
562 896 628 954 pars
646 876 756 953 populi,
772 879 826 937 sed
844 875 995 936 universus
1015 878 1141 953 populus

141 976 325 1032 voluntatem
349 992 433 1032 suam
456 972 633 1032 declararit?
660 971 744 1030 cuius
771 970 802 1030 in
829 972 941 1031 honore
969 991 1030 1031 non
1054 971 1141 1031 unius

142 1069 234 1129 tribus
251 1089 326 1146 pars,
348 1070 402 1129 sed
422 1068 543 1128 comitia
563 1079 627 1128 tota
645 1067 773 1128 comitiis
793 1066 899 1128 fuerint
919 1068 1141 1145 praerogativa?

91 1173 127 1231 50
142 1185 202 1242 quo
223 1166 344 1241 quidem
365 1177 507 1242 tempore,
527 1165 703 1236 Laterensis,
721 1165 747 1225 si
767 1164 798 1224 id
818 1168 914 1226 lacere
927 1167 1068 1226 voluisses
1089 1178 1140 1225 aut
1155 1198 1179 1225 ιο

141 1263 166 1321 si
189 1261 338 1338 gravitatis
361 1281 426 1322 esse
449 1276 583 1339 putasses
608 1274 685 1337 tuae,
710 1263 791 1339 quod
812 1264 896 1322 multi
917 1264 1031 1323 nobiles
1052 1283 1140 1340 saepe

140 1362 281 1431 feceruut,
297 1371 337 1431 ut,
352 1379 420 1418 cum
435 1360 533 1419 minus
546 1359 706 1420 valuissent
720 1358 862 1438 suffragiis
875 1379 965 1436 quam
979 1371 1140 1437 putassent,

141 1467 245 1532 postea
263 1455 385 1531 prolatis
403 1455 531 1515 comitiis
549 1466 767 1532 prosternerent
786 1474 817 1515 se
831 1467 862 1516 et
875 1457 986 1532 populo
1001 1457 1140 1516 Romano

140 1555 233 1613 fracto
258 1551 359 1612 animo
383 1565 472 1630 atque
495 1552 600 1612 humili
628 1552 834 1630 supplicarent,
858 1572 920 1613 non
943 1552 1048 1612 dubito
1069 1551 1139 1628 quin

140 1649 237 1711 omnis
257 1651 296 1710 ad
318 1661 347 1712 te
367 1670 544 1711 conversura
561 1651 649 1710 luerit
669 1650 836 1710 multitudo,
878 1669 1042 1727 numquam
1061 1648 1139 1709 enim
1156 1682 1179 1721 ις

139 1750 200 1809 sere
220 1748 366 1822 nobilitas,
384 1747 497 1827 integra
517 1749 687 1826 praesertim
709 1762 798 1826 atque
818 1748 971 1823 innocens,
990 1769 1009 1808 a
1028 1750 1141 1825 populo

141 1850 280 1907 Romano
302 1849 425 1924 supplex
445 1847 599 1925 repudiata
620 1857 672 1907 est
716 1849 771 1908 sed
789 1847 814 1908 si
832 1847 885 1908 tibi
904 1846 1029 1925 gravitas
1047 1858 1097 1906 tua
1110 1856 1141 1904 et

140 1941 313 2018 magnitudo
333 1943 426 2003 animi
445 1942 536 2020 pluris
561 1943 624 2017 suit,
648 1943 734 2003 sicuti
759 1962 823 2004 esse
847 1942 957 2017 debuit,
984 1963 1075 2019 quarn
1095 1961 1142 2001 ae-

140 2034 246 2109 uilitas,
268 2036 339 2110 noli,
359 2058 426 2098 cum
446 2040 557 2099 habeas
578 2039 619 2109 id,
637 2041 719 2115 quod
743 2038 888 2110 malueris,
908 2038 1075 2100 desiderare
1098 2037 1139 2111 id,

140 2133 221 2209 quod
240 2132 361 2192 minoris
381 2132 500 2210 putaris.
543 2134 683 2209 equidem
702 2133 828 2210 primum
849 2145 882 2193 ut
901 2135 1014 2193 honore
1034 2131 1140 2209 dignus
1152 2166 1178 2192 ω

139 2248 235 2289 essem
260 2228 388 2290 maxime
413 2249 530 2306 semper
556 2230 685 2290 laboravi
696 2252 705 2304 ;
735 2231 867 2291 secundo
888 2240 921 2289 ut
944 2229 1140 2306 existimarer3

139 2326 257 2388 tertium
281 2326 354 2386 mihi
378 2325 432 2386 suit
453 2326 535 2400 illud,
560 2329 643 2403 quod
669 2327 818 2404 plerisque
845 2326 972 2404 primum
999 2339 1053 2399 est,
1077 2327 1140 2404 ipse

139 2426 254 2498 honos,
267 2425 318 2501 qui
336 2422 379 2485 eis
397 2423 527 2501 denique
541 2425 632 2484 debet
651 2443 715 2484 esse
732 2423 886 2497 iucundus,
902 2443 1028 2501 quorum
1047 2425 1140 2501 digni·

138 2519 192 2580 tati
212 2521 341 2596 populus
359 2521 516 2580 Romanus
537 2519 749 2594 testimonium,
769 2538 831 2580 non
851 2519 1029 2580 beneficium
1049 2521 1140 2580 ambi-

140 2617 213 2678 tioni
229 2617 320 2677 dedit.
1153 2644 1176 2680 2³

87 2724 123 2782 51
200 2717 276 2787 XXI
319 2714 444 2790 Quaeris
463 2715 561 2792 etiarn,
585 2714 761 2792 Laterensis,
783 2717 854 2794 quid
873 2715 1049 2794 imaginibus
1070 2716 1136 2787 tuis,

139 2812 210 2890 quid
234 2812 421 2873 ornatissimo
441 2825 530 2891 atque
553 2814 667 2891 optimo
687 2815 758 2886 viro,
781 2814 856 2892 patri
876 2827 937 2886 tuo,
958 2817 1138 2892 respondeas

139 2916 264 2970 mortuo.
307 2909 369 2970 noli
387 2908 443 2970 ista
461 2910 606 2983 meditari,
621 2922 711 2988 atque
729 2912 802 2972 illud
822 2931 893 2972 cave
909 2911 1015 2989 potius,
1030 2931 1069 2973 ne
1088 2923 1139 2971 tua

139 3006 195 3066 ista
211 3010 341 3084 querella
359 3010 505 3085 dolorque
522 3008 630 3069 nimius
644 3011 683 3069 ab
702 3009 758 3070 illis
777 3010 1001 3087 sapientissimis
1013 3009 1082 3070 viris
1096 3029 1138 3070 re·

139 3101 343 3176 prehendatur.
385 3103 459 3163 vidit
473 3102 552 3165 enim
572 3115 655 3180 pater
669 3115 737 3165 tuus
750 3105 884 3183 Appium
899 3106 1068 3177 Claudiurn,
1084 3125 1136 3165 no·
1152 3131 1177 3168 ³0

139 3199 312 3260 bilissimum
332 3202 493 3277 hominem,
507 3201 576 3262 vivo
589 3203 677 3263 tratre
695 3222 759 3277 suo,
775 3203 981 3281 potentissimo
999 3214 1029 3264 et
1043 3203 1137 3263 claris-

139 3295 214 3357 simo
223 3295 288 3368 civi,
299 3299 333 3358 C.
342 3298 478 3372 Claudio,
488 3299 615 3359 aedilem
626 3319 688 3360 non
699 3321 764 3362 esse
774 3303 883 3363 sactum
894 3313 925 3362 et
935 3302 1065 3363 eundem
1074 3300 1138 3362 sine

139 3397 257 3473 repulsa
277 3396 388 3464 factum
404 3415 469 3458 esse
485 3400 652 3460 consulem:
674 3397 749 3462 vidit
767 3399 919 3462 hominem
938 3398 995 3461 sibi
1010 3398 1137 3461 maxime
