2406 3788
63 181 267 265 xxxruaz]
312 183 402 246 prro
426 179 491 245 chr.
512 179 713 249 PLANCIO
736 181 904 249 ORATIO
1022 208 1059 265 33

61 314 127 374 dius
138 314 234 387 fidius,
246 318 340 377 multo
354 316 440 377 citius
453 337 552 377 meam
567 320 691 378 salutem
706 339 761 396 pro
775 331 805 379 te
819 318 956 381 abiecero
970 339 1058 396 quam

61 415 116 473 Cn.
133 413 234 472 Planci
260 416 385 473 salutem
400 413 549 475 tradidero
565 415 750 475 contentioni
764 427 840 476 tuae.
884 415 1001 488 etenim,
1018 416 1060 477 iu·
1072 423 1111 482 80
1151 432 1157 439 ’

60 509 150 580 diceS,
165 529 234 568 cum
247 509 385 569 omnibus
404 530 453 570 me
466 510 622 571 virtutibus
640 513 789 572 adfectum
804 531 869 572 esse
883 512 979 589 cupio,
995 523 1059 573 tum

60 604 132 663 nihil
148 617 191 664 est
205 607 288 682 quod
302 605 403 665 malim
418 625 509 683 quam
523 626 571 666 me
581 618 610 667 et
622 626 686 667 esse
696 619 812 684 gratum
823 619 853 668 et
861 608 962 669 videri.
984 611 1059 670 haec

37 710 105 765 sest
119 699 198 760 enim
214 719 274 760 una
287 700 378 761 virtus
392 721 453 760 non
468 703 563 761 solum
578 702 714 776 maxima,
727 704 780 763 sed
795 703 884 763 etiam
899 715 993 764 mater
1005 703 1058 765 vir-

60 806 157 855 tutum
178 796 312 855 omnium
336 796 521 874 reliquarum.
572 799 644 875 quid
665 809 711 859 est
730 798 824 876 pietas
846 798 903 858 nisi
922 801 1058 860 voluntas

59 902 141 967 grata
154 892 184 951 in
199 897 352 969 parentes?
372 894 423 970 qui
437 906 506 954 sunt
515 895 588 955 boni
601 895 688 968 cives,
699 895 750 972 qui
764 897 841 968 belli,
857 896 909 972 qui
923 895 1005 956 domi
1019 899 1057 958 de

60 985 154 1061 patria
167 988 244 1046 bene
258 999 412 1060 merentes,
425 987 482 1048 nisi
496 989 546 1066 qui
560 990 671 1066 patriae
685 990 829 1050 beneficia
843 991 1058 1052 meminerunt?

60 1081 112 1157 qui
126 1082 228 1156 sancti,
244 1082 295 1160 qui
308 1084 483 1160 religionum
497 1087 637 1160 colentes,
653 1087 710 1147 nisi
724 1087 774 1164 qui
793 1087 927 1148 meritam
946 1089 992 1149 dis
1005 1088 1058 1148 im·

26 1211 51 1239 ιο
61 1179 232 1238 mortalibus
246 1179 370 1254 gratiam
383 1179 468 1240 iustis
477 1181 640 1241 honoribus
654 1195 684 1242 et
698 1183 822 1242 memori
836 1195 936 1245 mente
949 1186 1058 1261 persol-

60 1278 155 1334 vunt?
183 1292 260 1348 qnae
281 1286 380 1351 potest
401 1295 466 1336 esse
480 1276 557 1337 vitae
576 1277 742 1338 iucunditas
761 1271 883 1340 sublatis
899 1278 1057 1341 amicitiis?

60 1388 137 1444 quae
160 1389 248 1446 porro
270 1370 399 1431 amicitia
423 1383 521 1448 potest
542 1392 607 1434 esse
634 1372 710 1434 inter
734 1374 886 1450 ingratos?
925 1376 992 1452 quis
1012 1388 1057 1438 est
1070 1378 1107 1435 81

60 1477 192 1525 nostrum
211 1466 370 1527 liberaliter
390 1469 542 1538 educatus,
554 1468 603 1528 cui
630 1488 692 1528 non
719 1470 902 1543 educatores,
926 1470 975 1530 cui
994 1491 1057 1531 non

60 1562 189 1638 magistri
214 1563 259 1622 sui
278 1574 369 1640 atque
387 1565 531 1637 doctores,
548 1565 595 1625 cui
615 1585 677 1625 non
695 1568 779 1626 locus
798 1566 863 1643 ipse
881 1579 979 1627 mutus
998 1567 1054 1640 ille,
1115 1568 1117 1573 ’

26 1658 112 1730 15ubi
132 1657 218 1717 alitus
240 1669 292 1717 aut
310 1660 416 1719 doctus
435 1669 487 1730 est,
503 1678 571 1718 cum
586 1671 668 1736 grata
686 1660 888 1720 recordatione
907 1661 937 1719 in
957 1675 1065 1721 mente

59 1758 208 1815 versetur?
228 1755 309 1816 cuius
318 1776 391 1833 opes
402 1768 501 1817 tantae
513 1776 576 1822 esse
584 1767 709 1833 possunt
718 1767 770 1816 aut
779 1776 920 1833 umquam
930 1759 1054 1830 suemnt,

59 1873 137 1930 quae
161 1853 224 1913 sine
244 1856 403 1914 multomm
425 1854 587 1914 amicorum
608 1853 710 1914 officiis
731 1865 807 1914 stare
825 1855 960 1932 possint?
980 1864 1064 1931 quae'

59 1961 139 2010 certe
152 1953 268 2010 sublata
281 1951 423 2011 memoria
436 1963 466 2011 et
479 1950 571 2028 gratia
588 1952 670 2016 nulla
689 1962 802 2011 exstare
815 1962 946 2027 possunt.
977 1952 1056 2028 equi-

60 2047 130 2105 dem
145 2046 217 2105 nihil
231 2057 292 2106 tam
310 2046 462 2124 proprium
479 2045 608 2106 hominis
627 2044 763 2106 existimo
781 2065 870 2122 quam
888 2065 949 2105 non
963 2047 1055 2106 modo

25 2140 216 2211 ,obeneficio
241 2139 404 2200 sedetiam
428 2140 652 2202 benevolentiae
677 2139 888 2218 significatione
915 2141 1054 2219 adligari;

61 2237 133 2296 nihil
146 2257 233 2314 porro
247 2248 309 2296 tam
323 2236 525 2310 inhumanum,
541 2249 602 2298 tam
621 2237 759 2310 immane,
775 2250 837 2299 tam
855 2241 949 2299 ferum
964 2260 1054 2317 quam

60 2335 245 2395 committere
259 2345 292 2394 ut
306 2335 451 2395 beneficio
465 2355 526 2394 non
541 2335 637 2395 dicam
653 2334 800 2412 indignus,
816 2337 869 2396 sed
882 2335 977 2395 victus
991 2356 1056 2397 esse

58 2433 184 2491 videare.
238 2450 315 2507 quae
336 2451 405 2491 cum
426 2432 467 2491 ita
487 2432 554 2504 sint,
575 2431 635 2492 iam
656 2435 856 2503 succumbam,
880 2432 1055 2505 Laterensis,
1069 2439 1107 2496 82

60 2528 106 2588 isti
127 2541 180 2589 tuo
200 2528 322 2600 crimini,
338 2548 446 2605 meque
467 2528 498 2588 in
518 2549 555 2589 eo
573 2529 647 2606 ipso,
662 2528 693 2588 in
712 2550 773 2606 quo
791 2530 864 2589 nihil
877 2542 975 2606 potest
991 2549 1056 2592 esse

24 2659 49 2696 25
61 2625 193 2697 nimium,
209 2625 351 2702 quoniam
366 2624 407 2685 ita
421 2638 453 2684 tu
466 2623 519 2698 vis,
534 2625 866 2709 nimium[gratum]esse
881 2629 1054 2699 concedam,

60 2732 219 2798 petamque
232 2743 252 2782 a
263 2722 358 2792 vobis,
373 2722 494 2795 iudices,
510 2734 543 2783 ut
561 2742 628 2783 eum
642 2721 789 2784 beneficio
807 2723 1065 2800 complectamini,

61 2836 149 2893 quem
165 2816 215 2893 qui
229 2817 425 2893 reprehendit,
440 2817 471 2877 in
486 2814 523 2879 eo
537 2817 732 2895 reprehendit,
748 2818 830 2893 quod
845 2827 959 2893 gratum
974 2838 1055 2894 prae·

60 2923 105 2971 ter
124 2914 248 2972 modum
269 2912 348 2973 dieat
368 2933 441 2974 esse.
483 2913 674 2991 nequeenim
693 2912 766 2972 illud
784 2914 822 2972 ad
842 2913 1055 2989 neglegendam

60 3026 158 3065 meam
177 3006 299 3084 gratiam
321 3009 410 3071 debet
430 3010 536 3082 valere,
551 3010 632 3086 quod
653 3009 726 3068 dixit
746 3008 835 3078 idem,
856 3025 909 3066 vos
929 3026 986 3066 nec
1005 3028 1057 3068 no·

25 3138 50 3176 30
61 3103 155 3163 centis
176 3121 233 3162 nec
257 3100 400 3178 litigiosos
424 3112 496 3174 es'se,
520 3109 580 3180 quo
601 3104 698 3163 minus
719 3123 767 3163 me
788 3102 866 3177 apud
886 3120 939 3161 vos
959 3103 1056 3164 valere

61 3210 220 3277 oporteret:
243 3198 327 3274 qnasi
341 3217 410 3259 vero
424 3197 455 3258 in
469 3199 598 3259 amicitia
615 3218 683 3259 mea
700 3218 762 3257 non
776 3199 850 3257 haec
864 3197 1016 3275 praesidia,
1032 3202 1055 3259 si

60 3315 137 3371 quae
151 3297 226 3353 forte
240 3292 353 3352 suntin
372 3312 429 3366 me,
444 3305 547 3371 parata
565 3313 683 3370 semper
700 3292 802 3352 amicis
822 3312 887 3353 esse
905 3293 1056 3354 maluerim

60 3410 149 3468 quam
171 3388 343 3450 necessaria.
385 3389 496 3452 etenim
515 3410 571 3469 ego
586 3391 624 3450 de
639 3410 688 3451 me
703 3401 820 3452 tantum
838 3389 939 3448 audeo
951 3388 1073 3451 dicere,

147 3519 182 3569 Π.
989 3506 1017 3561 'a
