<?xml version="1.0" encoding="UTF-8"?>
<!DOCTYPE html PUBLIC "-//W3C//DTD XHTML 1.0 Transitional//EN"
    "http://www.w3.org/TR/xhtml1/DTD/xhtml1-transitional.dtd">
<html xmlns="http://www.w3.org/1999/xhtml" xml:lang="en" lang="en">
 <head>
  <title>
</title>
<meta http-equiv="Content-Type" content="text/html;charset=utf-8" />
  <meta name='ocr-system' content='tesseract 3.04.00' />
  <meta name='ocr-capabilities' content='ocr_page ocr_carea ocr_par ocr_line ocrx_word'/>
</head>
<body>
  <div class='ocr_page' id='page_1' title='image "./mtvlliciceronis01holdgoog/mtvlliciceronis01holdgoog_0293.png"; bbox 0 0 2406 3788; ppageno 0'>
   <div class='ocr_carea' id='block_1_1' title="bbox 99 178 804 253">
    <p class='ocr_par' dir='ltr' id='par_1_1' title="bbox 99 178 804 253">
     <span class='ocr_line' id='line_1_1' title="bbox 99 178 804 253; baseline -0.001 -14"><span class='ocrx_word' id='word_1_1' title='bbox 99 199 156 253; x_wconf 80' lang='lat'>224</span> <span class='ocrx_word' id='word_1_2' title='bbox 392 179 485 239; x_wconf 89' lang='lat' dir='ltr'>PRO</span> <span class='ocrx_word' id='word_1_3' title='bbox 515 178 581 239; x_wconf 89' lang='lat' dir='ltr'>CN.</span> <span class='ocrx_word' id='word_1_4' title='bbox 604 178 804 238; x_wconf 84' lang='lat' dir='ltr'><em>PLANCIO</em></span> 
     </span>
    </p>
   </div>
   <div class='ocr_carea' id='block_1_2' title="bbox 99 303 1107 2235">
    <p class='ocr_par' dir='ltr' id='par_1_2' title="bbox 129 303 1107 610">
     <span class='ocr_line' id='line_1_2' title="bbox 129 303 1105 374; baseline 0 -14"><span class='ocrx_word' id='word_1_5' title='bbox 129 325 208 360; x_wconf 86' lang='lat' dir='ltr'>annos</span> <span class='ocrx_word' id='word_1_6' title='bbox 216 314 288 358; x_wconf 88' lang='lat' dir='ltr'>natus</span> <span class='ocrx_word' id='word_1_7' title='bbox 301 307 329 357; x_wconf 89' lang='lat' dir='ltr'>C.</span> <span class='ocrx_word' id='word_1_8' title='bbox 343 307 470 373; x_wconf 89' lang='lat' dir='ltr'>Papirium</span> <span class='ocrx_word' id='word_1_9' title='bbox 481 303 622 358; x_wconf 84' lang='lat' dir='ltr'>Carbonem</span> <span class='ocrx_word' id='word_1_10' title='bbox 633 323 684 358; x_wconf 91' lang='lat' dir='ltr'>cos.</span> <span class='ocrx_word' id='word_1_11' title='bbox 694 324 716 358; x_wconf 89' lang='lat' dir='ltr'>a.</span> <span class='ocrx_word' id='word_1_12' title='bbox 728 323 775 359; x_wconf 81' lang='lat' dir='ltr'>rao</span> <span class='ocrx_word' id='word_1_13' title='bbox 785 308 896 358; x_wconf 89' lang='lat' dir='ltr'>oratione</span> <span class='ocrx_word' id='word_1_14' title='bbox 906 308 943 358; x_wconf 84' lang='lat' dir='ltr'>ita</span> <span class='ocrx_word' id='word_1_15' title='bbox 953 309 1064 374; x_wconf 89' lang='lat' dir='ltr'>perculit</span> <span class='ocrx_word' id='word_1_16' title='bbox 1075 318 1105 361; x_wconf 91' lang='lat' dir='ltr'>ut</span> 
     </span>
     <span class='ocr_line' id='line_1_3' title="bbox 130 387 1107 454; baseline -0.001 -15"><span class='ocrx_word' id='word_1_17' title='bbox 130 390 184 454; x_wconf 89' lang='lat' dir='ltr'>ipse</span> <span class='ocrx_word' id='word_1_18' title='bbox 194 388 242 438; x_wconf 88' lang='lat' dir='ltr'>sibi</span> <span class='ocrx_word' id='word_1_19' title='bbox 253 402 341 437; x_wconf 91' lang='lat' dir='ltr'>manus</span> <span class='ocrx_word' id='word_1_20' title='bbox 351 388 466 448; x_wconf 81' lang='lat' dir='ltr'>inferret3</span> <span class='ocrx_word' id='word_1_21' title='bbox 485 388 579 437; x_wconf 90' lang='lat' dir='ltr'>amicus</span> <span class='ocrx_word' id='word_1_22' title='bbox 596 389 633 437; x_wconf 95' lang='lat' dir='ltr'>M.</span> <span class='ocrx_word' id='word_1_23' title='bbox 650 387 717 437; x_wconf 85' lang='lat' dir='ltr'>Livii</span> <span class='ocrx_word' id='word_1_24' title='bbox 731 388 815 448; x_wconf 89' lang='lat' dir='ltr'><strong>Drusi,</strong></span> <span class='ocrx_word' id='word_1_25' title='bbox 829 403 903 454; x_wconf 89' lang='lat' dir='ltr'>quem</span> <span class='ocrx_word' id='word_1_26' title='bbox 920 404 978 438; x_wconf 89' lang='lat' dir='ltr'>cum</span> <span class='ocrx_word' id='word_1_27' title='bbox 992 404 1016 437; x_wconf 86' lang='lat' dir='ltr'>a.</span> <span class='ocrx_word' id='word_1_28' title='bbox 1029 403 1062 454; x_wconf 86' lang='lat'>9¹</span> <span class='ocrx_word' id='word_1_29' title='bbox 1076 389 1107 438; x_wconf 87' lang='lat' dir='ltr'>in</span> 
     </span>
     <span class='ocr_line' id='line_1_4' title="bbox 129 468 1104 536; baseline 0.001 -16"><span class='ocrx_word' id='word_1_30' title='bbox 129 476 216 520; x_wconf 85' lang='lat' dir='ltr'>senatu</span> <span class='ocrx_word' id='word_1_31' title='bbox 232 468 383 529; x_wconf 76' lang='lat' dir='ltr'>defenderet,</span> <span class='ocrx_word' id='word_1_32' title='bbox 394 469 457 518; x_wconf 87' lang='lat' dir='ltr'>adeo</span> <span class='ocrx_word' id='word_1_33' title='bbox 468 469 552 519; x_wconf 89' lang='lat' dir='ltr'>animo</span> <span class='ocrx_word' id='word_1_34' title='bbox 565 478 647 519; x_wconf 91' lang='lat' dir='ltr'>motus</span> <span class='ocrx_word' id='word_1_35' title='bbox 658 479 696 519; x_wconf 86' lang='lat' dir='ltr'>est</span> <span class='ocrx_word' id='word_1_36' title='bbox 709 476 738 519; x_wconf 92' lang='lat' dir='ltr'>ut</span> <span class='ocrx_word' id='word_1_37' title='bbox 750 470 836 535; x_wconf 86' lang='lat' dir='ltr'>paucis</span> <span class='ocrx_word' id='word_1_38' title='bbox 851 469 939 520; x_wconf 92' lang='lat' dir='ltr'>diebus</span> <span class='ocrx_word' id='word_1_39' title='bbox 949 476 1008 536; x_wconf 87' lang='lat' dir='ltr'>post</span> <span class='ocrx_word' id='word_1_40' title='bbox 1018 486 1104 521; x_wconf 88' lang='lat' dir='ltr'>more-</span> 
     </span>
     <span class='ocr_line' id='line_1_5' title="bbox 129 552 280 610; baseline -0.007 -9"><span class='ocrx_word' id='word_1_41' title='bbox 129 559 196 601; x_wconf 84' lang='lat' dir='ltr'>retur</span> <span class='ocrx_word' id='word_1_42' title='bbox 206 552 237 599; x_wconf 82' lang='lat'>33</span> <span class='ocrx_word' id='word_1_43' title='bbox 251 563 280 610; x_wconf 90' lang='lat'>15</span> 
     </span>
    </p>

    <p class='ocr_par' dir='ltr' id='par_1_3' title="bbox 99 621 1104 935">
     <span class='ocr_line' id='line_1_6' title="bbox 99 621 1104 697; baseline 0.001 -15"><span class='ocrx_word' id='word_1_44' title='bbox 99 634 128 682; x_wconf 86' lang='lat' dir='ltr'>P.</span> <span class='ocrx_word' id='word_1_45' title='bbox 146 633 260 683; x_wconf 81' lang='lat' dir='ltr'>Licinius</span> <span class='ocrx_word' id='word_1_46' title='bbox 278 632 318 681; x_wconf 90' lang='lat' dir='ltr'>M.</span> <span class='ocrx_word' id='word_1_47' title='bbox 329 631 356 695; x_wconf 84' lang='lat' dir='ltr'>s.</span> <span class='ocrx_word' id='word_1_48' title='bbox 374 632 406 682; x_wconf 88' lang='lat' dir='ltr'>P.</span> <span class='ocrx_word' id='word_1_49' title='bbox 422 648 449 681; x_wconf 88' lang='lat' dir='ltr'>u.</span> <span class='ocrx_word' id='word_1_50' title='bbox 466 632 572 682; x_wconf 84' lang='lat' dir='ltr'><em>Crassus</em></span> <span class='ocrx_word' id='word_1_51' title='bbox 588 632 668 681; x_wconf 84' lang='lat' dir='ltr'>Dives</span> <span class='ocrx_word' id='word_1_52' title='bbox 686 632 851 692; x_wconf 76' lang='lat' dir='ltr'>Lusitauuus,</span> <span class='ocrx_word' id='word_1_53' title='bbox 871 639 942 697; x_wconf 89' lang='lat' dir='ltr'>pater</span> <span class='ocrx_word' id='word_1_54' title='bbox 958 632 997 682; x_wconf 92' lang='lat' dir='ltr'>M.</span> <span class='ocrx_word' id='word_1_55' title='bbox 1010 621 1104 683; x_wconf 50' lang='lat' dir='ltr'>&#39;Crassi</span> 
     </span>
     <span class='ocr_line' id='line_1_7' title="bbox 131 711 1103 778; baseline -0.002 -16"><span class='ocrx_word' id='word_1_56' title='bbox 131 712 259 768; x_wconf 88' lang='lat' dir='ltr'>triumviri,</span> <span class='ocrx_word' id='word_1_57' title='bbox 277 711 391 761; x_wconf 87' lang='lat' dir='ltr'>Ciceroni</span> <span class='ocrx_word' id='word_1_58' title='bbox 404 711 522 776; x_wconf 88' lang='lat' dir='ltr'>aequalis,</span> <span class='ocrx_word' id='word_1_59' title='bbox 538 726 588 761; x_wconf 91' lang='lat' dir='ltr'>cos.</span> <span class='ocrx_word' id='word_1_60' title='bbox 605 728 629 761; x_wconf 91' lang='lat' dir='ltr'>a.</span> <span class='ocrx_word' id='word_1_61' title='bbox 645 725 686 776; x_wconf 89' lang='lat'>97,</span> <span class='ocrx_word' id='word_1_62' title='bbox 703 726 733 760; x_wconf 89' lang='lat' dir='ltr'>ex</span> <span class='ocrx_word' id='word_1_63' title='bbox 751 711 876 762; x_wconf 89' lang='lat' dir='ltr'>Lusitanis</span> <span class='ocrx_word' id='word_1_64' title='bbox 893 712 1058 778; x_wconf 85' lang='lat' dir='ltr'>triumphavit</span> <span class='ocrx_word' id='word_1_65' title='bbox 1077 731 1103 763; x_wconf 87' lang='lat' dir='ltr'>a.</span> 
     </span>
     <span class='ocr_line' id='line_1_8' title="bbox 131 793 1104 861; baseline 0.001 -17"><span class='ocrx_word' id='word_1_66' title='bbox 131 810 180 861; x_wconf 82' lang='lat'>93;</span> <span class='ocrx_word' id='word_1_67' title='bbox 196 793 264 844; x_wconf 93' lang='lat' dir='ltr'>bello</span> <span class='ocrx_word' id='word_1_68' title='bbox 272 795 381 844; x_wconf 90' lang='lat' dir='ltr'>Marsico</span> <span class='ocrx_word' id='word_1_69' title='bbox 392 794 488 858; x_wconf 85' lang='lat' dir='ltr'>legatus</span> <span class='ocrx_word' id='word_1_70' title='bbox 497 793 527 842; x_wconf 86' lang='lat'>1..</span> <span class='ocrx_word' id='word_1_71' title='bbox 540 794 607 844; x_wconf 91' lang='lat' dir='ltr'>Iulio</span> <span class='ocrx_word' id='word_1_72' title='bbox 619 794 719 843; x_wconf 84' lang='lat' dir='ltr'>Caesari</span> <span class='ocrx_word' id='word_1_73' title='bbox 730 809 752 842; x_wconf 87' lang='lat' dir='ltr'>a</span> <span class='ocrx_word' id='word_1_74' title='bbox 766 808 798 859; x_wconf 88' lang='lat'>90</span> <span class='ocrx_word' id='word_1_75' title='bbox 804 811 813 856; x_wconf 79' lang='lat'>3</span> <span class='ocrx_word' id='word_1_76' title='bbox 829 809 857 843; x_wconf 94' lang='lat' dir='ltr'>se</span> <span class='ocrx_word' id='word_1_77' title='bbox 868 793 922 859; x_wconf 89' lang='lat' dir='ltr'>ipse</span> <span class='ocrx_word' id='word_1_78' title='bbox 933 793 1058 845; x_wconf 78' lang='lat' dir='ltr'>interfecit</span> <span class='ocrx_word' id='word_1_79' title='bbox 1069 812 1104 845; x_wconf 89' lang='lat' dir='ltr'>ne</span> 
     </span>
     <span class='ocr_line' id='line_1_9' title="bbox 131 873 663 935; baseline -0.006 -11"><span class='ocrx_word' id='word_1_80' title='bbox 131 876 158 925; x_wconf 88' lang='lat' dir='ltr'>in</span> <span class='ocrx_word' id='word_1_81' title='bbox 169 890 257 924; x_wconf 88' lang='lat' dir='ltr'>manus</span> <span class='ocrx_word' id='word_1_82' title='bbox 269 874 438 924; x_wconf 89' lang='lat' dir='ltr'>Marianorum</span> <span class='ocrx_word' id='word_1_83' title='bbox 450 873 577 930; x_wconf 89' lang='lat' dir='ltr'>incideret,</span> <span class='ocrx_word' id='word_1_84' title='bbox 590 873 621 920; x_wconf 86' lang='grc'>32</span> <span class='ocrx_word' id='word_1_85' title='bbox 634 885 663 935; x_wconf 80' lang='lat'>25</span> 
     </span>
    </p>

    <p class='ocr_par' dir='ltr' id='par_1_4' title="bbox 99 953 1104 1421">
     <span class='ocr_line' id='line_1_10' title="bbox 99 953 1104 1020; baseline 0.003 -16"><span class='ocrx_word' id='word_1_86' title='bbox 99 957 138 1006; x_wconf 85' lang='lat' dir='ltr'>M.</span> <span class='ocrx_word' id='word_1_87' title='bbox 152 955 265 1005; x_wconf 73' lang='lat' dir='ltr'>Licinius</span> <span class='ocrx_word' id='word_1_88' title='bbox 279 957 383 1005; x_wconf 83' lang='lat' dir='ltr'><em>Crassus</em></span> <span class='ocrx_word' id='word_1_89' title='bbox 394 957 424 1006; x_wconf 89' lang='lat' dir='ltr'>P.</span> <span class='ocrx_word' id='word_1_90' title='bbox 440 955 467 1020; x_wconf 87' lang='lat' dir='ltr'>f.</span> <span class='ocrx_word' id='word_1_91' title='bbox 485 956 562 1004; x_wconf 71' lang='lat' dir='ltr'>Dives</span> <span class='ocrx_word' id='word_1_92' title='bbox 578 953 719 1004; x_wconf 83' lang='lat' dir='ltr'>‘triumvir’</span> <span class='ocrx_word' id='word_1_93' title='bbox 730 971 754 1004; x_wconf 88' lang='lat' dir='ltr'>a.</span> <span class='ocrx_word' id='word_1_94' title='bbox 766 958 796 1017; x_wconf 87' lang='lat'>85</span> <span class='ocrx_word' id='word_1_95' title='bbox 814 955 940 1006; x_wconf 86' lang='lat' dir='ltr'>Marianos</span> <span class='ocrx_word' id='word_1_96' title='bbox 958 955 1057 1020; x_wconf 85' lang='lat' dir='ltr'>fugiens</span> <span class='ocrx_word' id='word_1_97' title='bbox 1075 957 1104 1007; x_wconf 90' lang='lat' dir='ltr'>in</span> 
     </span>
     <span class='ocr_line' id='line_1_11' title="bbox 132 1035 1103 1103; baseline 0.001 -17"><span class='ocrx_word' id='word_1_98' title='bbox 132 1036 282 1103; x_wconf 88' lang='lat' dir='ltr'>Hispaniam</span> <span class='ocrx_word' id='word_1_99' title='bbox 304 1053 331 1085; x_wconf 92' lang='lat' dir='ltr'>se</span> <span class='ocrx_word' id='word_1_100' title='bbox 347 1036 467 1096; x_wconf 88' lang='lat' dir='ltr'>contulit;</span> <span class='ocrx_word' id='word_1_101' title='bbox 490 1050 513 1086; x_wconf 89' lang='lat' dir='ltr'>a.</span> <span class='ocrx_word' id='word_1_102' title='bbox 534 1037 565 1096; x_wconf 80' lang='lat'>83</span> <span class='ocrx_word' id='word_1_103' title='bbox 583 1035 668 1085; x_wconf 85' lang='lat' dir='ltr'>Sullae</span> <span class='ocrx_word' id='word_1_104' title='bbox 685 1051 712 1084; x_wconf 91' lang='lat' dir='ltr'>se</span> <span class='ocrx_word' id='word_1_105' title='bbox 728 1036 841 1085; x_wconf 89' lang='lat' dir='ltr'>adiunxit</span> <span class='ocrx_word' id='word_1_106' title='bbox 847 1054 856 1097; x_wconf 88' lang='lat'>;</span> <span class='ocrx_word' id='word_1_107' title='bbox 877 1051 928 1086; x_wconf 92' lang='lat' dir='ltr'>cos.</span> <span class='ocrx_word' id='word_1_108' title='bbox 947 1051 970 1085; x_wconf 91' lang='lat' dir='ltr'>a.</span> <span class='ocrx_word' id='word_1_109' title='bbox 992 1051 1024 1098; x_wconf 84' lang='lat'>70</span> <span class='ocrx_word' id='word_1_110' title='bbox 1042 1052 1103 1087; x_wconf 84' lang='lat' dir='ltr'>oum</span> 
     </span>
     <span class='ocr_line' id='line_1_12' title="bbox 132 1113 1102 1180; baseline 0 -13"><span class='ocrx_word' id='word_1_111' title='bbox 132 1118 181 1167; x_wconf 87' lang='lat' dir='ltr'>Cn.</span> <span class='ocrx_word' id='word_1_112' title='bbox 199 1116 333 1180; x_wconf 85' lang='lat' dir='ltr'>Pompeio;</span> <span class='ocrx_word' id='word_1_113' title='bbox 350 1131 417 1165; x_wconf 83' lang='lat' dir='ltr'>cens.</span> <span class='ocrx_word' id='word_1_114' title='bbox 434 1132 455 1164; x_wconf 86' lang='lat' dir='ltr'>a.</span> <span class='ocrx_word' id='word_1_115' title='bbox 474 1115 522 1179; x_wconf 74' lang='lat'>⁶5³</span> <span class='ocrx_word' id='word_1_116' title='bbox 537 1131 561 1164; x_wconf 89' lang='lat' dir='ltr'>a.</span> <span class='ocrx_word' id='word_1_117' title='bbox 574 1113 605 1173; x_wconf 80' lang='lat'>63</span> <span class='ocrx_word' id='word_1_118' title='bbox 623 1116 754 1165; x_wconf 91' lang='lat' dir='ltr'>Murenam</span> <span class='ocrx_word' id='word_1_119' title='bbox 769 1131 826 1165; x_wconf 90' lang='lat' dir='ltr'>cum</span> <span class='ocrx_word' id='word_1_120' title='bbox 842 1117 960 1166; x_wconf 90' lang='lat' dir='ltr'>Cicerone</span> <span class='ocrx_word' id='word_1_121' title='bbox 974 1116 1102 1177; x_wconf 79' lang='lat' dir='ltr'>defendit3</span> 
     </span>
     <span class='ocr_line' id='line_1_13' title="bbox 131 1195 1103 1262; baseline 0.002 -16"><span class='ocrx_word' id='word_1_122' title='bbox 131 1212 155 1246; x_wconf 90' lang='lat' dir='ltr'>a.</span> <span class='ocrx_word' id='word_1_123' title='bbox 178 1195 210 1258; x_wconf 80' lang='lat'>56</span> <span class='ocrx_word' id='word_1_124' title='bbox 235 1196 329 1245; x_wconf 83' lang='lat' dir='ltr'>tresviri</span> <span class='ocrx_word' id='word_1_125' title='bbox 351 1196 446 1245; x_wconf 89' lang='lat' dir='ltr'>Lucam</span> <span class='ocrx_word' id='word_1_126' title='bbox 465 1201 648 1256; x_wconf 88' lang='lat' dir='ltr'>convenerunt;</span> <span class='ocrx_word' id='word_1_127' title='bbox 670 1210 694 1244; x_wconf 82' lang='lat' dir='ltr'>a.</span> <span class='ocrx_word' id='word_1_128' title='bbox 712 1209 742 1259; x_wconf 81' lang='lat'>53</span> <span class='ocrx_word' id='word_1_129' title='bbox 766 1196 895 1246; x_wconf 89' lang='lat' dir='ltr'>aParthis</span> <span class='ocrx_word' id='word_1_130' title='bbox 919 1197 987 1262; x_wconf 92' lang='lat' dir='ltr'>apud</span> <span class='ocrx_word' id='word_1_131' title='bbox 1010 1197 1103 1248; x_wconf 88' lang='lat' dir='ltr'>Carras</span> 
     </span>
     <span class='ocr_line' id='line_1_14' title="bbox 131 1275 1102 1344; baseline 0.002 -16"><span class='ocrx_word' id='word_1_132' title='bbox 131 1278 243 1328; x_wconf 89' lang='lat' dir='ltr'>devictus</span> <span class='ocrx_word' id='word_1_133' title='bbox 260 1276 363 1341; x_wconf 85' lang='lat' dir='ltr'>ipseque</span> <span class='ocrx_word' id='word_1_134' title='bbox 379 1277 455 1341; x_wconf 88' lang='lat' dir='ltr'>paulo</span> <span class='ocrx_word' id='word_1_135' title='bbox 471 1285 528 1340; x_wconf 92' lang='lat' dir='ltr'>post</span> <span class='ocrx_word' id='word_1_136' title='bbox 548 1275 680 1342; x_wconf 86' lang='lat' dir='ltr'>perfidiose</span> <span class='ocrx_word' id='word_1_137' title='bbox 697 1276 839 1328; x_wconf 75' lang='lat' dir='ltr'>interiectus</span> <span class='ocrx_word' id='word_1_138' title='bbox 856 1285 894 1328; x_wconf 92' lang='lat' dir='ltr'>est</span> <span class='ocrx_word' id='word_1_139' title='bbox 903 1296 911 1341; x_wconf 83' lang='lat'>3</span> <span class='ocrx_word' id='word_1_140' title='bbox 935 1286 1021 1329; x_wconf 87' lang='lat' dir='ltr'>auctor</span> <span class='ocrx_word' id='word_1_141' title='bbox 1038 1279 1102 1344; x_wconf 86' lang='lat' dir='ltr'>legis</span> 
     </span>
     <span class='ocr_line' id='line_1_15' title="bbox 132 1357 503 1421; baseline -0.005 -13"><span class='ocrx_word' id='word_1_142' title='bbox 132 1358 243 1408; x_wconf 83' lang='lat' dir='ltr'>Liciniae</span> <span class='ocrx_word' id='word_1_143' title='bbox 252 1357 284 1406; x_wconf 91' lang='lat' dir='ltr'>de</span> <span class='ocrx_word' id='word_1_144' title='bbox 294 1357 419 1410; x_wconf 84' lang='lat' dir='ltr'>sodaliciis</span> <span class='ocrx_word' id='word_1_145' title='bbox 430 1357 461 1407; x_wconf 78' lang='lat'>49</span> <span class='ocrx_word' id='word_1_146' title='bbox 471 1372 503 1421; x_wconf 82' lang='lat'>30</span> 
     </span>
    </p>

    <p class='ocr_par' dir='ltr' id='par_1_5' title="bbox 103 1439 1102 1666">
     <span class='ocr_line' id='line_1_16' title="bbox 103 1439 1102 1507; baseline 0.002 -16"><span class='ocrx_word' id='word_1_147' title='bbox 103 1443 130 1491; x_wconf 90' lang='lat' dir='ltr'>C.</span> <span class='ocrx_word' id='word_1_148' title='bbox 141 1439 258 1490; x_wconf 85' lang='lat' dir='ltr'>Licinius</span> <span class='ocrx_word' id='word_1_149' title='bbox 267 1440 387 1500; x_wconf 84' lang='lat' dir='ltr'>Sacerdos,</span> <span class='ocrx_word' id='word_1_150' title='bbox 398 1455 443 1506; x_wconf 91' lang='lat' dir='ltr'>pro</span> <span class='ocrx_word' id='word_1_151' title='bbox 452 1447 564 1505; x_wconf 89' lang='lat' dir='ltr'>praetore</span> <span class='ocrx_word' id='word_1_152' title='bbox 574 1439 673 1490; x_wconf 87' lang='lat' dir='ltr'>Siciliae</span> <span class='ocrx_word' id='word_1_153' title='bbox 682 1449 739 1490; x_wconf 88' lang='lat' dir='ltr'>ante</span> <span class='ocrx_word' id='word_1_154' title='bbox 748 1441 860 1504; x_wconf 90' lang='lat' dir='ltr'>Verrem,</span> <span class='ocrx_word' id='word_1_155' title='bbox 874 1443 1023 1507; x_wconf 88' lang='lat' dir='ltr'>competitor</span> <span class='ocrx_word' id='word_1_156' title='bbox 1029 1443 1102 1494; x_wconf 90' lang='lat' dir='ltr'>Cice·</span> 
     </span>
     <span class='ocr_line' id='line_1_17' title="bbox 132 1521 1102 1589; baseline 0.004 -17"><span class='ocrx_word' id='word_1_157' title='bbox 132 1521 200 1573; x_wconf 90' lang='lat' dir='ltr'>ronis</span> <span class='ocrx_word' id='word_1_158' title='bbox 213 1521 241 1571; x_wconf 88' lang='lat' dir='ltr'>in</span> <span class='ocrx_word' id='word_1_159' title='bbox 259 1521 395 1579; x_wconf 91' lang='lat' dir='ltr'>consulatu,</span> <span class='ocrx_word' id='word_1_160' title='bbox 420 1522 451 1584; x_wconf 86' lang='lat' dir='ltr'>Q.</span> <span class='ocrx_word' id='word_1_161' title='bbox 475 1521 581 1572; x_wconf 88' lang='lat' dir='ltr'>Metello</span> <span class='ocrx_word' id='word_1_162' title='bbox 600 1522 699 1573; x_wconf 89' lang='lat' dir='ltr'>Cretico</span> <span class='ocrx_word' id='word_1_163' title='bbox 721 1522 747 1571; x_wconf 92' lang='lat' dir='ltr'>in</span> <span class='ocrx_word' id='word_1_164' title='bbox 771 1524 846 1574; x_wconf 88' lang='lat' dir='ltr'>Creta</span> <span class='ocrx_word' id='word_1_165' title='bbox 866 1525 961 1589; x_wconf 76' lang='lat' dir='ltr'>legatus</span> <span class='ocrx_word' id='word_1_166' title='bbox 980 1524 1051 1589; x_wconf 82' lang='lat' dir='ltr'>fortis</span> <span class='ocrx_word' id='word_1_167' title='bbox 1076 1537 1102 1576; x_wconf 86' lang='lat' dir='ltr'>et</span> 
     </span>
     <span class='ocr_line' id='line_1_18' title="bbox 133 1599 478 1666; baseline 0.003 -13"><span class='ocrx_word' id='word_1_168' title='bbox 133 1609 248 1653; x_wconf 90' lang='lat' dir='ltr'>constans</span> <span class='ocrx_word' id='word_1_169' title='bbox 259 1617 281 1652; x_wconf 87' lang='lat' dir='ltr'>a.</span> <span class='ocrx_word' id='word_1_170' title='bbox 294 1599 333 1663; x_wconf 89' lang='lat'>68,</span> <span class='ocrx_word' id='word_1_171' title='bbox 348 1601 388 1666; x_wconf 82' lang='lat'>67,</span> <span class='ocrx_word' id='word_1_172' title='bbox 399 1603 431 1654; x_wconf 87' lang='grc'>27</span> <span class='ocrx_word' id='word_1_173' title='bbox 446 1618 478 1665; x_wconf 82' lang='lat'>30</span> 
     </span>
    </p>

    <p class='ocr_par' dir='ltr' id='par_1_6' title="bbox 100 1684 1104 1912">
     <span class='ocr_line' id='line_1_19' title="bbox 100 1684 1104 1750; baseline 0.001 -17"><span class='ocrx_word' id='word_1_174' title='bbox 100 1685 139 1733; x_wconf 90' lang='lat' dir='ltr'>M.</span> <span class='ocrx_word' id='word_1_175' title='bbox 152 1685 240 1734; x_wconf 83' lang='lat' dir='ltr'>Livius</span> <span class='ocrx_word' id='word_1_176' title='bbox 249 1685 351 1732; x_wconf 85' lang='lat' dir='ltr'>Drusus</span> <span class='ocrx_word' id='word_1_177' title='bbox 367 1684 425 1734; x_wconf 92' lang='lat' dir='ltr'>trib.</span> <span class='ocrx_word' id='word_1_178' title='bbox 444 1684 479 1749; x_wconf 92' lang='lat' dir='ltr'>pl.</span> <span class='ocrx_word' id='word_1_179' title='bbox 494 1699 517 1732; x_wconf 89' lang='lat' dir='ltr'>a.</span> <span class='ocrx_word' id='word_1_180' title='bbox 537 1699 577 1750; x_wconf 88' lang='lat'>91,</span> <span class='ocrx_word' id='word_1_181' title='bbox 591 1685 629 1733; x_wconf 90' lang='lat' dir='ltr'>M.</span> <span class='ocrx_word' id='word_1_182' title='bbox 646 1684 749 1734; x_wconf 91' lang='lat' dir='ltr'>Catonis</span> <span class='ocrx_word' id='word_1_183' title='bbox 766 1684 892 1735; x_wconf 89' lang='lat' dir='ltr'>Uticensis</span> <span class='ocrx_word' id='word_1_184' title='bbox 907 1686 1051 1747; x_wconf 89' lang='lat' dir='ltr'>avunculus,</span> <span class='ocrx_word' id='word_1_185' title='bbox 1064 1688 1104 1736; x_wconf 88' lang='lat' dir='ltr'>vir</span> 
     </span>
     <span class='ocr_line' id='line_1_20' title="bbox 132 1764 1103 1831; baseline 0.004 -17"><span class='ocrx_word' id='word_1_186' title='bbox 132 1765 214 1830; x_wconf 86' lang='lat' dir='ltr'>gravis</span> <span class='ocrx_word' id='word_1_187' title='bbox 233 1764 324 1815; x_wconf 90' lang='lat' dir='ltr'>Gaium</span> <span class='ocrx_word' id='word_1_188' title='bbox 345 1764 485 1814; x_wconf 87' lang='lat' dir='ltr'>Gracchum</span> <span class='ocrx_word' id='word_1_189' title='bbox 502 1764 591 1814; x_wconf 90' lang='lat' dir='ltr'>iterum</span> <span class='ocrx_word' id='word_1_190' title='bbox 610 1765 736 1815; x_wconf 90' lang='lat' dir='ltr'>tribunum</span> <span class='ocrx_word' id='word_1_191' title='bbox 752 1764 834 1829; x_wconf 82' lang='lat' dir='ltr'>fregit,</span> <span class='ocrx_word' id='word_1_192' title='bbox 852 1767 933 1831; x_wconf 83' lang='lat' dir='ltr'>legem</span> <span class='ocrx_word' id='word_1_193' title='bbox 950 1768 1053 1816; x_wconf 82' lang='lat' dir='ltr'>Liuiam</span> <span class='ocrx_word' id='word_1_194' title='bbox 1070 1769 1103 1818; x_wconf 91' lang='lat' dir='ltr'>de</span> 
     </span>
     <span class='ocr_line' id='line_1_21' title="bbox 133 1845 985 1912; baseline 0 -16"><span class='ocrx_word' id='word_1_195' title='bbox 133 1847 232 1896; x_wconf 89' lang='lat' dir='ltr'>civitate</span> <span class='ocrx_word' id='word_1_196' title='bbox 240 1845 313 1894; x_wconf 90' lang='lat' dir='ltr'>sociis</span> <span class='ocrx_word' id='word_1_197' title='bbox 321 1845 404 1894; x_wconf 87' lang='lat' dir='ltr'>danda</span> <span class='ocrx_word' id='word_1_198' title='bbox 416 1846 489 1906; x_wconf 89' lang='lat' dir='ltr'>tulit;</span> <span class='ocrx_word' id='word_1_199' title='bbox 504 1846 584 1896; x_wconf 79' lang='lat' dir='ltr'>facete</span> <span class='ocrx_word' id='word_1_200' title='bbox 592 1845 785 1912; x_wconf 85' lang='lat' dir='ltr'>perstringitura</span> <span class='ocrx_word' id='word_1_201' title='bbox 794 1847 896 1909; x_wconf 88' lang='lat' dir='ltr'>Granio,</span> <span class='ocrx_word' id='word_1_202' title='bbox 910 1848 941 1895; x_wconf 82' lang='lat'>33</span> <span class='ocrx_word' id='word_1_203' title='bbox 956 1864 985 1912; x_wconf 78' lang='lat'>13</span> 
     </span>
    </p>

    <p class='ocr_par' dir='ltr' id='par_1_7' title="bbox 102 1928 361 1992">
     <span class='ocr_line' id='line_1_22' title="bbox 102 1928 361 1992; baseline -0.012 -16"><span class='ocrx_word' id='word_1_204' title='bbox 102 1929 204 1977; x_wconf 80' lang='lat' dir='ltr'>Lutattb</span> <span class='ocrx_word' id='word_1_205' title='bbox 215 1942 276 1991; x_wconf 83' lang='lat' dir='ltr'>gens</span> <span class='ocrx_word' id='word_1_206' title='bbox 288 1928 318 1974; x_wconf 84' lang='lat'>12</span> <span class='ocrx_word' id='word_1_207' title='bbox 331 1941 361 1992; x_wconf 77' lang='lat'>²9</span> 
     </span>
    </p>

    <p class='ocr_par' dir='ltr' id='par_1_8' title="bbox 105 2005 1103 2235">
     <span class='ocr_line' id='line_1_23' title="bbox 105 2005 1100 2074; baseline 0.004 -18"><span class='ocrx_word' id='word_1_208' title='bbox 105 2010 127 2070; x_wconf 86' lang='lat' dir='ltr'><em>Q</em></span> <span class='ocrx_word' id='word_1_209' title='bbox 137 2008 256 2057; x_wconf 87' lang='lat' dir='ltr'>Lutatius</span> <span class='ocrx_word' id='word_1_210' title='bbox 268 2009 297 2070; x_wconf 84' lang='lat' dir='ltr'>Q.</span> <span class='ocrx_word' id='word_1_211' title='bbox 301 2008 328 2072; x_wconf 88' lang='lat' dir='ltr'>f.</span> <span class='ocrx_word' id='word_1_212' title='bbox 340 2009 446 2057; x_wconf 81' lang='lat' dir='ltr'>Catulus</span> <span class='ocrx_word' id='word_1_213' title='bbox 454 2005 544 2074; x_wconf 85' lang='lat' dir='ltr'>(pater)</span> <span class='ocrx_word' id='word_1_214' title='bbox 556 2023 623 2058; x_wconf 89' lang='lat' dir='ltr'>cons.</span> <span class='ocrx_word' id='word_1_215' title='bbox 636 2024 660 2058; x_wconf 89' lang='lat' dir='ltr'>a.</span> <span class='ocrx_word' id='word_1_216' title='bbox 675 2024 728 2067; x_wconf 84' lang='lat' dir='ltr'>roo,</span> <span class='ocrx_word' id='word_1_217' title='bbox 741 2018 778 2059; x_wconf 88' lang='lat' dir='ltr'>ter</span> <span class='ocrx_word' id='word_1_218' title='bbox 788 2016 862 2060; x_wconf 88' lang='lat' dir='ltr'>antea</span> <span class='ocrx_word' id='word_1_219' title='bbox 870 2010 989 2074; x_wconf 89' lang='lat' dir='ltr'>repulsus,</span> <span class='ocrx_word' id='word_1_220' title='bbox 1000 2026 1058 2061; x_wconf 89' lang='lat' dir='ltr'>cum</span> <span class='ocrx_word' id='word_1_221' title='bbox 1070 2010 1100 2060; x_wconf 91' lang='lat' dir='ltr'>C.</span> 
     </span>
     <span class='ocr_line' id='line_1_24' title="bbox 135 2087 1103 2154; baseline 0.006 -18"><span class='ocrx_word' id='word_1_222' title='bbox 135 2087 218 2137; x_wconf 90' lang='lat' dir='ltr'>Mario</span> <span class='ocrx_word' id='word_1_223' title='bbox 235 2088 352 2137; x_wconf 89' lang='lat' dir='ltr'>Cimbros</span> <span class='ocrx_word' id='word_1_224' title='bbox 367 2088 426 2137; x_wconf 90' lang='lat' dir='ltr'>vicit</span> <span class='ocrx_word' id='word_1_225' title='bbox 442 2089 468 2137; x_wconf 90' lang='lat' dir='ltr'>in</span> <span class='ocrx_word' id='word_1_226' title='bbox 483 2088 578 2152; x_wconf 86' lang='lat' dir='ltr'>campis</span> <span class='ocrx_word' id='word_1_227' title='bbox 598 2088 703 2137; x_wconf 88' lang='lat' dir='ltr'>Raudiis</span> <span class='ocrx_word' id='word_1_228' title='bbox 720 2104 742 2138; x_wconf 91' lang='lat' dir='ltr'>a.</span> <span class='ocrx_word' id='word_1_229' title='bbox 768 2104 824 2147; x_wconf 87' lang='lat' dir='ltr'>ror,</span> <span class='ocrx_word' id='word_1_230' title='bbox 841 2099 928 2154; x_wconf 86' lang='lat' dir='ltr'>postea</span> <span class='ocrx_word' id='word_1_231' title='bbox 939 2107 961 2141; x_wconf 91' lang='lat' dir='ltr'>a.</span> <span class='ocrx_word' id='word_1_232' title='bbox 977 2091 1006 2141; x_wconf 95' lang='lat' dir='ltr'>C.</span> <span class='ocrx_word' id='word_1_233' title='bbox 1020 2093 1103 2142; x_wconf 90' lang='lat' dir='ltr'>Mario</span> 
     </span>
     <span class='ocr_line' id='line_1_25' title="bbox 135 2169 786 2235; baseline -0.002 -16"><span class='ocrx_word' id='word_1_234' title='bbox 135 2176 235 2219; x_wconf 85' lang='lat' dir='ltr'>coactus</span> <span class='ocrx_word' id='word_1_235' title='bbox 252 2177 288 2218; x_wconf 91' lang='lat' dir='ltr'>est</span> <span class='ocrx_word' id='word_1_236' title='bbox 301 2177 329 2219; x_wconf 90' lang='lat' dir='ltr'>ut</span> <span class='ocrx_word' id='word_1_237' title='bbox 345 2169 396 2218; x_wconf 86' lang='lat' dir='ltr'>vita</span> <span class='ocrx_word' id='word_1_238' title='bbox 407 2186 433 2219; x_wconf 93' lang='lat' dir='ltr'>se</span> <span class='ocrx_word' id='word_1_239' title='bbox 443 2170 497 2234; x_wconf 91' lang='lat' dir='ltr'>ipse</span> <span class='ocrx_word' id='word_1_240' title='bbox 505 2170 611 2235; x_wconf 86' lang='lat' dir='ltr'>privaret</span> <span class='ocrx_word' id='word_1_241' title='bbox 623 2186 645 2218; x_wconf 90' lang='lat' dir='ltr'>a.</span> <span class='ocrx_word' id='word_1_242' title='bbox 658 2171 698 2231; x_wconf 81' lang='lat'>87,</span> <span class='ocrx_word' id='word_1_243' title='bbox 711 2169 742 2217; x_wconf 89' lang='grc'>12</span> <span class='ocrx_word' id='word_1_244' title='bbox 754 2185 786 2235; x_wconf 78' lang='lat'>29</span> 
     </span>
    </p>
   </div>
   <div class='ocr_carea' id='block_1_3' title="bbox 587 2363 615 2412">
    <p class='ocr_par' dir='ltr' id='par_1_9' title="bbox 587 2363 615 2412">
     <span class='ocr_line' id='line_1_26' title="bbox 587 2363 615 2412; baseline 0.036 -1"><span class='ocrx_word' id='word_1_245' title='bbox 587 2363 615 2412; x_wconf 94' lang='lat' dir='ltr'>M</span> 
     </span>
    </p>
   </div>
   <div class='ocr_carea' id='block_1_4' title="bbox 103 2481 1105 2633">
    <p class='ocr_par' dir='ltr' id='par_1_10' title="bbox 103 2481 1105 2633">
     <span class='ocr_line' id='line_1_27' title="bbox 103 2481 1105 2552; baseline 0.004 -18"><span class='ocrx_word' id='word_1_246' title='bbox 103 2485 257 2542; x_wconf 83' lang='lat' dir='ltr'>Macedonia,</span> <span class='ocrx_word' id='word_1_247' title='bbox 268 2481 395 2549; x_wconf 88' lang='lat' dir='ltr'>provincia</span> <span class='ocrx_word' id='word_1_248' title='bbox 404 2483 518 2532; x_wconf 91' lang='lat' dir='ltr'>Romana</span> <span class='ocrx_word' id='word_1_249' title='bbox 529 2483 719 2549; x_wconf 85' lang='lat' dir='ltr'>proconsularis,</span> <span class='ocrx_word' id='word_1_250' title='bbox 731 2485 863 2536; x_wconf 86' lang='lat' dir='ltr'>Graeciam</span> <span class='ocrx_word' id='word_1_251' title='bbox 880 2488 939 2538; x_wconf 90' lang='lat' dir='ltr'>inde</span> <span class='ocrx_word' id='word_1_252' title='bbox 953 2489 986 2538; x_wconf 89' lang='lat' dir='ltr'>ab</span> <span class='ocrx_word' id='word_1_253' title='bbox 1001 2488 1105 2552; x_wconf 87' lang='lat' dir='ltr'>Illyride</span> 
     </span>
     <span class='ocr_line' id='line_1_28' title="bbox 136 2563 1105 2633; baseline 0 -17"><span class='ocrx_word' id='word_1_254' title='bbox 136 2567 168 2616; x_wconf 85' lang='lat' dir='ltr'>ad</span> <span class='ocrx_word' id='word_1_255' title='bbox 179 2564 302 2616; x_wconf 88' lang='lat' dir='ltr'>Achaiam</span> <span class='ocrx_word' id='word_1_256' title='bbox 313 2564 449 2625; x_wconf 89' lang='lat' dir='ltr'>continens,</span> <span class='ocrx_word' id='word_1_257' title='bbox 464 2565 531 2614; x_wconf 90' lang='lat' dir='ltr'>inea</span> <span class='ocrx_word' id='word_1_258' title='bbox 544 2564 601 2614; x_wconf 89' lang='lat' dir='ltr'>trib.</span> <span class='ocrx_word' id='word_1_259' title='bbox 618 2565 670 2613; x_wconf 92' lang='lat' dir='ltr'>mil.</span> <span class='ocrx_word' id='word_1_260' title='bbox 688 2563 734 2614; x_wconf 83' lang='lat' dir='ltr'>suit</span> <span class='ocrx_word' id='word_1_261' title='bbox 751 2566 872 2624; x_wconf 88' lang='lat' dir='ltr'>Plancius,</span> <span class='ocrx_word' id='word_1_262' title='bbox 885 2576 972 2632; x_wconf 88' lang='lat' dir='ltr'>postea</span> <span class='ocrx_word' id='word_1_263' title='bbox 988 2576 1105 2633; x_wconf 88' lang='lat' dir='ltr'>quaestor</span> 
     </span>
    </p>
   </div>
   <div class='ocr_carea' id='block_1_5' title="bbox 105 2645 1105 3047">
    <p class='ocr_par' dir='ltr' id='par_1_11' title="bbox 136 2645 1105 2782">
     <span class='ocr_line' id='line_1_29' title="bbox 136 2645 1105 2712; baseline 0.002 -16"><span class='ocrx_word' id='word_1_264' title='bbox 136 2649 168 2697; x_wconf 81' lang='grc'>28</span> <span class='ocrx_word' id='word_1_265' title='bbox 180 2660 219 2708; x_wconf 76' lang='lat'>32,</span> <span class='ocrx_word' id='word_1_266' title='bbox 233 2662 264 2696; x_wconf 91' lang='lat' dir='ltr'>eo</span> <span class='ocrx_word' id='word_1_267' title='bbox 274 2645 381 2711; x_wconf 86' lang='lat' dir='ltr'>perrexit</span> <span class='ocrx_word' id='word_1_268' title='bbox 399 2646 453 2696; x_wconf 90' lang='lat' dir='ltr'>Cic.</span> <span class='ocrx_word' id='word_1_269' title='bbox 473 2646 542 2695; x_wconf 87' lang='lat' dir='ltr'>exsul</span> <span class='ocrx_word' id='word_1_270' title='bbox 559 2646 591 2695; x_wconf 75' lang='lat'>98</span> <span class='ocrx_word' id='word_1_271' title='bbox 603 2648 624 2708; x_wconf 88' lang='lat'>8,</span> <span class='ocrx_word' id='word_1_272' title='bbox 638 2652 738 2711; x_wconf 90' lang='lat' dir='ltr'>praetor</span> <span class='ocrx_word' id='word_1_273' title='bbox 749 2655 802 2696; x_wconf 91' lang='lat' dir='ltr'>erat</span> <span class='ocrx_word' id='word_1_274' title='bbox 813 2647 843 2697; x_wconf 76' lang='lat'>1.</span> <span class='ocrx_word' id='word_1_275' title='bbox 863 2648 1002 2712; x_wconf 87' lang='lat' dir='ltr'>Appuleius</span> <span class='ocrx_word' id='word_1_276' title='bbox 1019 2647 1105 2698; x_wconf 88' lang='lat' dir='ltr'>Satur·</span> 
     </span>
     <span class='ocr_line' id='line_1_30' title="bbox 136 2732 293 2782; baseline -0.025 -1"><span class='ocrx_word' id='word_1_277' title='bbox 136 2732 209 2782; x_wconf 89' lang='lat' dir='ltr'>ninus</span> <span class='ocrx_word' id='word_1_278' title='bbox 220 2732 251 2782; x_wconf 81' lang='lat'>99</span> <span class='ocrx_word' id='word_1_279' title='bbox 264 2745 293 2778; x_wconf 82' lang='lat' dir='ltr'>or</span> 
     </span>
    </p>

    <p class='ocr_par' dir='ltr' id='par_1_12' title="bbox 105 2813 625 2880">
     <span class='ocr_line' id='line_1_31' title="bbox 105 2813 625 2880; baseline 0 -16"><span class='ocrx_word' id='word_1_280' title='bbox 105 2817 200 2865; x_wconf 73' lang='lat' dir='ltr'>Mama</span> <span class='ocrx_word' id='word_1_281' title='bbox 212 2813 308 2880; x_wconf 87' lang='lat' dir='ltr'>(tribus)</span> <span class='ocrx_word' id='word_1_282' title='bbox 321 2831 399 2879; x_wconf 90' lang='lat' dir='ltr'>prope</span> <span class='ocrx_word' id='word_1_283' title='bbox 410 2815 551 2864; x_wconf 89' lang='lat' dir='ltr'>Lanuvium</span> <span class='ocrx_word' id='word_1_284' title='bbox 565 2816 597 2864; x_wconf 79' lang='lat'>38</span> <span class='ocrx_word' id='word_1_285' title='bbox 609 2829 625 2879; x_wconf 87' lang='lat'>9</span> 
     </span>
    </p>

    <p class='ocr_par' dir='ltr' id='par_1_13' title="bbox 108 2897 1105 3047">
     <span class='ocr_line' id='line_1_32' title="bbox 108 2897 1105 2963; baseline -0.001 -15"><span class='ocrx_word' id='word_1_286' title='bbox 108 2901 205 2948; x_wconf 83' lang='lat' dir='ltr'>Gnaeus</span> <span class='ocrx_word' id='word_1_287' title='bbox 215 2898 331 2947; x_wconf 87' lang='lat' dir='ltr'>Manlius</span> <span class='ocrx_word' id='word_1_288' title='bbox 340 2899 472 2946; x_wconf 71' lang='lat' dir='ltr'>Maximus</span> <span class='ocrx_word' id='word_1_289' title='bbox 487 2914 537 2948; x_wconf 87' lang='lat' dir='ltr'>cos.</span> <span class='ocrx_word' id='word_1_290' title='bbox 554 2913 577 2946; x_wconf 90' lang='lat' dir='ltr'>a.</span> <span class='ocrx_word' id='word_1_291' title='bbox 592 2912 645 2959; x_wconf 87' lang='lat'>105,</span> <span class='ocrx_word' id='word_1_292' title='bbox 660 2897 687 2947; x_wconf 91' lang='lat' dir='ltr'>in</span> <span class='ocrx_word' id='word_1_293' title='bbox 701 2898 831 2947; x_wconf 89' lang='lat' dir='ltr'>consulatu</span> <span class='ocrx_word' id='word_1_294' title='bbox 848 2897 957 2963; x_wconf 89' lang='lat' dir='ltr'>petendo</span> <span class='ocrx_word' id='word_1_295' title='bbox 969 2897 1001 2961; x_wconf 88' lang='lat' dir='ltr'>Q.</span> <span class='ocrx_word' id='word_1_296' title='bbox 1015 2898 1105 2949; x_wconf 85' lang='lat' dir='ltr'>Catulo</span> 
     </span>
     <span class='ocr_line' id='line_1_33' title="bbox 137 2980 799 3047; baseline -0.006 -17"><span class='ocrx_word' id='word_1_297' title='bbox 137 2981 299 3047; x_wconf 89' lang='lat' dir='ltr'>praepositus,</span> <span class='ocrx_word' id='word_1_298' title='bbox 312 2996 327 3029; x_wconf 91' lang='lat' dir='ltr'>a</span> <span class='ocrx_word' id='word_1_299' title='bbox 339 2981 447 3030; x_wconf 91' lang='lat' dir='ltr'>Cimbris</span> <span class='ocrx_word' id='word_1_300' title='bbox 455 2980 482 3029; x_wconf 90' lang='lat' dir='ltr'>in</span> <span class='ocrx_word' id='word_1_301' title='bbox 493 2981 576 3030; x_wconf 88' lang='lat' dir='ltr'>Gallia</span> <span class='ocrx_word' id='word_1_302' title='bbox 587 2980 665 3029; x_wconf 89' lang='lat' dir='ltr'>victus</span> <span class='ocrx_word' id='word_1_303' title='bbox 676 2988 713 3029; x_wconf 92' lang='lat' dir='ltr'>est</span> <span class='ocrx_word' id='word_1_304' title='bbox 725 2980 756 3026; x_wconf 88' lang='grc'>12</span> <span class='ocrx_word' id='word_1_305' title='bbox 768 2996 782 3043; x_wconf 80' lang='lat'>3</span> <span class='ocrx_word' id='word_1_306' title='bbox 785 2995 799 3042; x_wconf 82' lang='lat'>3</span> 
     </span>
    </p>
   </div>
   <div class='ocr_carea' id='block_1_6' title="bbox 106 3058 1106 3201">
    <p class='ocr_par' dir='ltr' id='par_1_14' title="bbox 106 3058 1106 3201">
     <span class='ocr_line' id='line_1_34' title="bbox 106 3058 1106 3126; baseline 0.003 -18"><span class='ocrx_word' id='word_1_307' title='bbox 106 3062 140 3108; x_wconf 83' lang='lat' dir='ltr'>A.</span> <span class='ocrx_word' id='word_1_308' title='bbox 153 3059 271 3109; x_wconf 86' lang='lat' dir='ltr'>Manlius</span> <span class='ocrx_word' id='word_1_309' title='bbox 280 3060 427 3124; x_wconf 83' lang='lat' dir='ltr'>Torquatus,</span> <span class='ocrx_word' id='word_1_310' title='bbox 439 3075 486 3123; x_wconf 93' lang='lat' dir='ltr'>pro</span> <span class='ocrx_word' id='word_1_311' title='bbox 496 3067 610 3123; x_wconf 90' lang='lat' dir='ltr'>praetore</span> <span class='ocrx_word' id='word_1_312' title='bbox 619 3059 730 3108; x_wconf 77' lang='lat' dir='ltr'>Africam</span> <span class='ocrx_word' id='word_1_313' title='bbox 742 3058 895 3123; x_wconf 86' lang='lat' dir='ltr'>provinciam</span> <span class='ocrx_word' id='word_1_314' title='bbox 906 3060 1013 3110; x_wconf 92' lang='lat' dir='ltr'>obtinuit</span> <span class='ocrx_word' id='word_1_315' title='bbox 1024 3077 1048 3110; x_wconf 89' lang='lat' dir='ltr'>a.</span> <span class='ocrx_word' id='word_1_316' title='bbox 1062 3063 1106 3126; x_wconf 75' lang='lat'>783</span> 
     </span>
     <span class='ocr_line' id='line_1_35' title="bbox 138 3137 719 3201; baseline 0 -14"><span class='ocrx_word' id='word_1_317' title='bbox 138 3154 195 3187; x_wconf 90' lang='lat' dir='ltr'>cum</span> <span class='ocrx_word' id='word_1_318' title='bbox 206 3153 237 3187; x_wconf 92' lang='lat' dir='ltr'>eo</span> <span class='ocrx_word' id='word_1_319' title='bbox 243 3137 367 3201; x_wconf 88' lang='lat' dir='ltr'>stipendia</span> <span class='ocrx_word' id='word_1_320' title='bbox 377 3137 434 3187; x_wconf 80' lang='lat' dir='ltr'>fecit</span> <span class='ocrx_word' id='word_1_321' title='bbox 447 3139 493 3188; x_wconf 89' lang='lat' dir='ltr'>Cn.</span> <span class='ocrx_word' id='word_1_322' title='bbox 509 3138 631 3195; x_wconf 88' lang='lat' dir='ltr'>Plancius,</span> <span class='ocrx_word' id='word_1_323' title='bbox 644 3138 675 3186; x_wconf 82' lang='lat'>27</span> <span class='ocrx_word' id='word_1_324' title='bbox 689 3139 719 3187; x_wconf 88' lang='lat'>18</span> 
     </span>
    </p>
   </div>
   <div class='ocr_carea' id='block_1_7' title="bbox 109 3218 1104 3364">
    <p class='ocr_par' dir='ltr' id='par_1_15' title="bbox 109 3218 1104 3364">
     <span class='ocr_line' id='line_1_36' title="bbox 109 3218 1104 3286; baseline -0.001 -15"><span class='ocrx_word' id='word_1_325' title='bbox 109 3224 182 3271; x_wconf 79' lang='lat' dir='ltr'>Titus</span> <span class='ocrx_word' id='word_1_326' title='bbox 193 3223 311 3271; x_wconf 85' lang='lat' dir='ltr'>Manlius</span> <span class='ocrx_word' id='word_1_327' title='bbox 330 3223 471 3286; x_wconf 84' lang='lat' dir='ltr'>Torquatus</span> <span class='ocrx_word' id='word_1_328' title='bbox 486 3221 518 3270; x_wconf 92' lang='lat' dir='ltr'>T.</span> <span class='ocrx_word' id='word_1_329' title='bbox 537 3220 554 3269; x_wconf 84' lang='lat' dir='ltr'>s.</span> <span class='ocrx_word' id='word_1_330' title='bbox 571 3220 646 3269; x_wconf 79' lang='lat' dir='ltr'>frater</span> <span class='ocrx_word' id='word_1_331' title='bbox 660 3220 779 3284; x_wconf 87' lang='lat' dir='ltr'>patruelis</span> <span class='ocrx_word' id='word_1_332' title='bbox 798 3226 823 3269; x_wconf 93' lang='lat' dir='ltr'>et</span> <span class='ocrx_word' id='word_1_333' title='bbox 837 3234 908 3268; x_wconf 89' lang='lat' dir='ltr'>socer</span> <span class='ocrx_word' id='word_1_334' title='bbox 921 3219 954 3270; x_wconf 75' lang='lat' dir='ltr'>A.</span> <span class='ocrx_word' id='word_1_335' title='bbox 975 3218 1104 3285; x_wconf 88' lang='lat' dir='ltr'>Torquati,</span> 
     </span>
     <span class='ocr_line' id='line_1_37' title="bbox 140 3299 873 3364; baseline -0.004 -15"><span class='ocrx_word' id='word_1_336' title='bbox 140 3300 249 3349; x_wconf 88' lang='lat' dir='ltr'>Molonis</span> <span class='ocrx_word' id='word_1_337' title='bbox 260 3300 393 3364; x_wconf 90' lang='lat' dir='ltr'>discipulus</span> <span class='ocrx_word' id='word_1_338' title='bbox 404 3301 463 3349; x_wconf 89' lang='lat' dir='ltr'>satis</span> <span class='ocrx_word' id='word_1_339' title='bbox 474 3299 506 3348; x_wconf 87' lang='lat' dir='ltr'>ad</span> <span class='ocrx_word' id='word_1_340' title='bbox 517 3300 649 3349; x_wconf 86' lang='lat' dir='ltr'>dicendum</span> <span class='ocrx_word' id='word_1_341' title='bbox 660 3299 788 3362; x_wconf 88' lang='lat' dir='ltr'>expeditus</span> <span class='ocrx_word' id='word_1_342' title='bbox 800 3300 831 3349; x_wconf 83' lang='lat'>27</span> <span class='ocrx_word' id='word_1_343' title='bbox 843 3313 855 3346; x_wconf 80' lang='lat' dir='ltr'>a</span> <span class='ocrx_word' id='word_1_344' title='bbox 860 3315 873 3363; x_wconf 86' lang='lat'>3</span> 
     </span>
    </p>
   </div>
   <div class='ocr_carea' id='block_1_8' title="bbox 109 3382 465 3432">
    <p class='ocr_par' dir='ltr' id='par_1_16' title="bbox 109 3382 465 3432">
     <span class='ocr_line' id='line_1_38' title="bbox 109 3382 465 3432; baseline -0.011 0"><span class='ocrx_word' id='word_1_345' title='bbox 109 3382 260 3432; x_wconf 83' lang='lat' dir='ltr'>Marcellus:</span> <span class='ocrx_word' id='word_1_346' title='bbox 279 3397 329 3432; x_wconf 86' lang='lat' dir='ltr'>v.s.</span> <span class='ocrx_word' id='word_1_347' title='bbox 346 3384 465 3432; x_wconf 84' lang='lat' dir='ltr'>Claudius</span> 
     </span>
    </p>
   </div>
   <div class='ocr_carea' id='block_1_9' title="bbox 0 0 1212 3788">
    <p class='ocr_par' dir='ltr' id='par_1_17' title="bbox 0 0 1212 3788">
     <span class='ocr_line' id='line_1_39' title="bbox 0 0 1212 3788; baseline 0 0"><span class='ocrx_word' id='word_1_348' title='bbox 0 0 1212 3788; x_wconf 95' lang='lat' dir='ltr'> </span> 
     </span>
    </p>
   </div>
  </div>
 </body>
</html>
