2406 3788
103 217 311 301 xx111555]
517 210 681 280 'noras
1050 237 1105 294 1³3

150 348 218 394 Mb.
251 348 362 395 ednotus
386 347 422 395 ed
445 345 575 406 eonsules]
607 346 727 410 ‘brought
750 344 835 395 before
857 345 900 395 the
922 346 1039 407 consuls,'
1062 347 1106 397 the

102 409 226 459 technical
241 410 391 474 expression,
405 426 433 459 as
449 426 555 474 appears
569 410 633 459 from
646 411 717 460 Verr.
734 422 756 459 11
776 426 789 459 a
809 409 840 459 26
853 412 867 470 5
883 409 914 474 63
929 412 1043 476 quosquis
1054 419 1108 460 erat

102 476 224 523 eductus
234 482 333 523 senator
342 476 522 538 Syracusanus,
536 475 597 523 duci
614 475 709 524 iubebat
724 475 846 534 Metellus,
866 475 910 525 i.e.
928 478 991 540 ‘any
1006 485 1106 526 senator

103 539 236 588 Heraclius
247 539 356 602 brought
366 538 451 588 before
462 539 587 595 Metellus,
598 537 631 588 he
643 536 779 602 (Metellus)
791 539 895 589 ordered
906 545 932 589 to
943 540 975 589 be
986 540 1062 590 taken
1078 548 1106 591 to

104 602 205 679 prison,'
216 603 251 652 ib.
265 615 294 666 37
307 606 320 664 5
332 619 365 668 90
375 603 531 653 Sthenium
542 603 627 652 statim
638 604 774 660 educunt,
787 603 819 652 ib.
839 619 862 666 3,
875 606 928 668 235
941 603 972 665 56
983 605 1105 654 adustum

101 684 130 716 cn
145 668 185 716 ius
202 668 320 716 eductus
336 675 378 726 est,
395 667 469 717 edict.
489 675 567 732 praet.
581 683 621 731 ap.
642 668 675 715 A.
695 668 760 716 Gell.
775 683 800 716 n.
815 683 838 715 a.
854 679 884 717 xl
906 683 933 731 17
945 670 959 728 5
971 683 983 718 a
996 670 1104 734 quiflu·

99 732 172 857 yce'na
189 733 292 781 retanda
306 732 404 797 publice
415 732 538 797 redempta
554 732 651 789 habent,
667 731 691 781 si
706 733 762 796 quis
779 747 863 781 earum
881 733 917 780 ad
931 746 969 782 me
985 735 1106 784 eductus

114 798 185 845 uerit.

149 887 169 931 1.
182 889 220 933 ²⁶.
253 883 395 945 maletum]
430 882 551 946 ‘jostled,'
572 879 830 946 ‘roughlybandled'
850 879 977 938 ‘bullied‚’
994 881 1026 932 cf.
1043 884 1056 943 5
1075 874 1106 944 17>

101 948 118 996 l.
135 963 173 1009 30,
187 964 226 1012 ep.
241 949 273 997 ad
284 948 342 998 farn.
361 965 370 998 r
390 948 454 1009 5b5
475 962 484 995 1
500 955 661 1012 posteaquam
680 948 809 1011 Pompeius
827 947 1104 1010 apndpopnlum..÷cla·

103 1026 168 1087 neore
188 1013 342 1076 contentaque
363 1013 494 1060 iactatus
512 1019 560 1071 est,
580 1013 630 1061 div.
652 1011 679 1060 in
699 1012 773 1060 Caec.
793 1013 806 1071 5
825 1025 856 1073 45
874 1019 896 1060 te
912 1011 984 1060 amni
1009 1012 1105 1061 ratione

102 1083 279 1189 yactaturus,
294 1077 376 1126 Plaut.
393 1077 462 1190 Tlryn.
476 1089 510 1124 111
523 1092 545 1135 a,
567 1091 598 1161 52
614 1077 669 1126 nola
685 1083 708 1126 te
723 1076 837 1125 iactari
857 1077 964 1134 diutius,
984 1075 1104 1126 ⁴1w0n¹t

120 1156 165 1190 avc
175 1157 224 1205 you
236 1157 316 1205 worry
327 1157 415 1205 yourse
449 1157 497 1205 any
508 1156 586 1190 more.

150 1249 167 1295 t
180 1251 217 1297 28.
245 1260 292 1296 our
302 1249 680 1306 uon—ettonid—praciudtott
690 1245 861 1306 mmpmmu]
872 1245 944 1309 ‘why
951 1245 995 1294 did
1001 1261 1051 1309 you
1059 1251 1104 1295 not

102 1325 193 1370 secure,
207 1327 235 1360 as
245 1327 295 1375 you
306 1311 390 1361 would
400 1312 464 1361 have
474 1313 541 1362 done
557 1312 607 1360 had
618 1327 668 1375 you
679 1312 809 1361 convicted
820 1311 880 1370 him,
900 1325 969 1359 some
984 1309 1104 1359 recorded

102 1376 204 1432 verdict‚
217 1392 287 1425 some
297 1377 432 1440 preceding
442 1383 558 1426 sentence
572 1374 608 1439 (as
624 1392 640 1424 a
674 1376 824 1439 resumptive
843 1374 919 1439 proof
934 1375 964 1423 of
980 1371 1103 1423 Plancius’

103 1440 266 1504 complicity),
280 1441 318 1490 sor
335 1441 379 1489 the
395 1448 495 1504 present
512 1439 598 1490 triall'
673 1456 688 1489 e
703 1440 821 1502 meaning
839 1439 868 1488 of
880 1439 1065 1502 praeiudicium
1081 1439 1104 1487 is

102 1504 168 1553 clear
190 1504 253 1553 from
272 1505 314 1554 the
336 1504 465 1568 following
484 1520 618 1568 passagess
634 1504 684 1553 div.
709 1505 736 1553 in
756 1505 829 1553 Caec.
854 1505 867 1563 5
890 1517 917 1553 12
940 1503 969 1552 de
987 1519 1035 1567 qua
1052 1518 1104 1552 nan

97 1569 291 1631 praeiudicia
297 1585 329 1624 m.
343 1570 386 1617 sed
389 1570 467 1631 plane
477 1569 599 1616 iccdicium
611 1568 663 1616 iam
671 1567 772 1631 sactum
784 1573 899 1630 putatur,
913 1582 949 1616 or.
962 1583 988 1630 p.
1003 1567 1102 1616 Cluent.

102 1635 115 1690 5
133 1647 163 1696 59
174 1634 245 1696 apud
252 1633 341 1681 easdem
353 1633 441 1680 iudices
452 1648 509 1680 reus
519 1632 652 1696 estfactus,
664 1647 720 1679 cum
737 1631 777 1679 leis
792 1631 884 1679 duabus
896 1630 1104 1693 praeiudiciis

102 1699 153 1744 iam
165 1698 372 1755 damnatusesset,
386 1696 420 1745 ib.
435 1694 492 1754 560
506 1696 552 1760 qui
561 1702 647 1745 ceteras
658 1697 728 1743 nulla
738 1695 926 1759 praeiudicio
935 1694 1005 1758 facta
1020 1701 1103 1742 tamen

101 1777 132 1810 ex
146 1762 199 1824 iasa
216 1777 290 1808 causa
301 1761 506 1820 condemnassent,
521 1758 577 1821 562
592 1760 753 1809 condemnari
766 1759 798 1808 ab
814 1759 899 1808 iisdem
915 1759 1045 1819 iudicibus,
1058 1759 1106 1822 qui

102 1827 151 1875 dua
156 1826 349 1889 praeiudicia
353 1825 477 1889 fecissent.

150 1903 193 1951 On
205 1903 247 1951 the
257 1903 366 1966 genitive
377 1902 407 1951 of
419 1903 520 1952 divided
531 1901 659 1951 indefinite
670 1902 751 1951 whole
767 1900 830 1950 after
845 1900 945 1965 aliquid
957 1915 998 1950 see
1014 1900 1101 1950 Madv.

103 1968 148 2016 Gr.
161 1969 174 2026 5
187 1968 231 2029 285
244 1968 269 2026 b,
283 1968 375 2032 Zumpt
386 1967 431 2017 Gr.
443 1969 457 2027 5
468 1982 524 2032 432,
539 1966 614 2031 Roby
627 1967 670 2016 Gr.
685 1968 731 2025 115
745 1965 806 2030 1296
818 1964 858 2030 (l).
897 1965 1005 2014 ‘Probat
1020 1964 1102 2030 ipsum

102 2032 268 2080 adversarium
279 2032 407 2091 iudicasse,
420 2031 483 2081 nihil
501 2031 605 2081 omnino
619 2031 766 2095 suspicionis
779 2045 841 2087 esse,
852 2031 920 2095 quod
930 2030 957 2079 in
973 2029 1103 2079 Plancium

102 2105 186 2160 posset
197 2097 288 2145 oboriri
297 2112 328 2146 ex
338 2112 445 2161 persona
455 2097 516 2156 eius,
529 2096 573 2162 qui
583 2096 677 2146 divisor
684 2095 758 2146 fuisse
769 2095 889 2155 videatur,
908 2095 1027 2159 quoniam
1043 2098 1102 2144 eun·

103 2162 160 2210 dem
179 2176 260 2226 neque
275 2176 344 2210 reum
361 2161 445 2211 fecerit
464 2177 545 2276 neyue
560 2161 637 2210 ullam
653 2162 693 2210 vel
707 2169 807 2210 tenuem
820 2160 993 2225 probationem
1010 2159 1103 2208 habere

102 2226 218 2275 adversus
229 2242 286 2275 eum
297 2227 417 2290 potuerit;
434 2242 485 2291 quo
512 2233 614 2276 amnato
624 2226 677 2276 sine
691 2225 769 2276 dubio
785 2232 964 2290 consequenter
979 2223 1103 2274 videretur

102 2292 134 2340 de
145 2291 247 2340 Plancio
259 2290 411 2341 iudicatum!
444 2303 541 2341 serron.
551 2303 644 2340 vanc.

151 2390 177 2449 55
187 2394 287 2439 att-or.
320 2387 376 2438 But
385 2386 407 2436 it
417 2386 440 2437 s‘s
448 2385 523 2451 plain
537 2385 632 2450 enough
645 2384 702 2433 tlsat
716 2384 745 2433 in
754 2381 914 2446 prosecuting
923 2379 1042 2432 Plancius
1050 2397 1103 2445 you

104 2453 155 2530 rebe
170 2470 202 2502 on
218 2453 355 2517 something
368 2467 433 2501 mare
449 2452 511 2499 than
527 2450 590 2499 tlcesc
598 2449 685 2525 facts:
703 2464 755 2512 yon
775 2448 826 2510 rely
844 2455 910 2510 upon
923 2463 992 2510 your
1003 2446 1106 2510 general

105 2518 225 2580 enfluence
234 2519 289 2566 and
297 2533 370 2565 nante
383 2522 407 2564 ta
421 2515 495 2564 cruslt
511 2516 641 2570 Plancum,
656 2513 712 2561 who
726 2513 772 2560 ltus
786 2526 864 2573 many
872 2513 990 2574 personat
1001 2512 1104 2560 enemics
1190 2536 1192 2539 ·

104 2582 158 2630 and
176 2582 323 2629 detractans:
349 2580 404 2628 and
422 2581 486 2628 there
506 2594 551 2627 arc
570 2579 665 2639 always
681 2576 769 2640 plenty
789 2576 822 2638 af
837 2587 891 2623 men
913 2576 988 2638 ready
1006 2581 1030 2624 ta
1045 2576 1104 2638 give

105 2647 214 2694 evidence
229 2646 258 2693 c'n
277 2660 340 2693 cases
356 2644 388 2706 as
398 2643 514 2691 ambitus.
555 2643 637 2691 Cicero
653 2647 759 2689 entreats
773 2639 814 2687 tlte
828 2638 917 2687 iudices
933 2644 957 2687 ta
973 2639 1106 2688 undntake

104 2710 144 2758 tlte
163 2709 270 2757 business
284 2708 315 2772 af
327 2706 548 2768 crass-examining
564 2707 627 2754 these
642 2705 762 2752 metnesses
778 2703 833 2751 and
848 2709 872 2749 ta
890 2701 978 2751 relieve
992 2703 1032 2750 leis
1047 2718 1103 2750 aum

105 2773 285 2836 madcstysram
301 2773 340 2820 tlee
354 2772 501 2832 unpleasant
514 2770 576 2825 lach,
587 2769 671 2830 seeing
681 2768 736 2830 tlecy
749 2781 811 2815 mnu
824 2765 864 2815 his
870 2765 980 2830 setensis,
995 2767 1050 2815 and
1062 2773 1106 2816 nat

104 2844 129 2887 to
135 2838 193 2902 give
201 2852 253 2899 any
263 2837 323 2886 teet
331 2843 355 2885 to
364 2836 412 2884 idle
423 2839 515 2898 retorts
524 2833 598 2882 about
607 2832 648 2881 tlte
658 2831 797 2895 defendant.

154 2951 174 2997 1.
185 2952 223 2996 tt.
256 2958 341 3005 nequa
355 2949 387 2994 tu
400 2947 466 2993 traso
475 2946 557 2992 hams
568 2952 654 2999 neom
669 2943 708 2990 us
722 2939 841 3000 oonnms]
859 2937 970 2988 ‘neither
980 2937 1045 2988 have
1055 2953 1104 3003 you

107 3015 167 3077 (any
177 3026 246 3060 more
257 3011 317 3059 than
328 3008 429 3073 myself)
444 3009 517 3069 these
524 3013 667 3071 arguments
682 3005 708 3054 in
718 3020 781 3067 your
790 3004 877 3053 favour
891 3018 938 3052 nor
947 3003 982 3052 do
992 3018 1042 3066 you
1052 3004 1106 3066 rely

107 3094 141 3126 on
152 3073 239 3135 them,’
250 3091 278 3124 as
289 3074 366 3138 likely
377 3082 404 3123 to
415 3088 503 3122 ensure
514 3071 557 3121 the
571 3070 763 3120 condemnation
778 3068 808 3117 of
819 3066 943 3118 Plancius.
976 3067 1006 3116 C.
1019 3065 1049 3115 F.
1061 3067 1104 3116 W.

108 3142 201 3190 Miiller
212 3140 322 3189 remarks
333 3139 445 3187 ‘Habere
455 3152 537 3202 neque
548 3135 670 3185 credere
680 3140 718 3184 est
728 3149 809 3198 neque
820 3132 905 3190 scire,
918 3131 963 3180 sed
976 3132 1005 3180 in
1016 3147 1106 3183 causa

107 3207 224 3265 habere,
243 3211 271 3253 ut
288 3205 359 3254 Sext.
376 3204 451 3252 Rosc.
468 3217 509 3266 3²,
525 3215 555 3266 91
573 3199 693 3260 Erucius,
711 3199 769 3248 leues
783 3198 808 3246 si
823 3197 942 3246 haberet
957 3198 989 3244 in
1004 3212 1102 3258 eausa,

105 3277 182 3335 posset
195 3286 223 3320 ea
237 3268 352 3333 quamvis
364 3268 408 3315 eliu
422 3267 505 3325 dc'eere,
520 3266 553 3329 Q.
567 3266 641 3314 Rosc.
659 3279 695 3325 sc,
727 3276 741 3327 7
754 3269 787 3312 cst
797 3261 962 3327 imprimam
973 3267 997 3310 et
1008 3276 1039 3310 ex
1050 3277 1105 3311 cen·

107 3336 198 3384 ducisne
215 3334 279 3382 iuris
294 3345 363 3382 etex
378 3332 549 3381 consuetudine
563 3329 685 3378 cautionis
719 3328 875 3377 rmc'ssc'mum
892 3332 914 3374 ct
926 3326 1105 3390 mamburnum

108 3405 290 3464 argumentum,
309 3398 375 3464 quad
385 3413 424 3462 ega
433 3396 553 3462 plurilus
566 3394 646 3445 undis
659 3394 819 3459 amplecterer,
835 3392 860 3442 si
871 3401 922 3442 non
936 3391 988 3441 alca
1002 3391 1110 3463 certiora·
