2406 3788
116 173 220 231 xxiv
235 168 287 254 58]
314 173 405 234 Pro
435 173 501 234 cur.
524 173 723 235 prrucro
754 174 921 236 ohram
1075 196 1110 254 23

116 310 246 378 optimus
269 301 322 374 vir,
347 299 473 362 nimium
496 301 626 363 retinens
653 301 796 380 equestris
818 301 887 364 luris
915 317 945 366 et
972 305 1113 368 libertatis

115 399 247 460 videtur:
274 399 360 460 multi
383 399 474 461 etiam
498 419 672 461 communes
695 399 808 461 inimici
828 421 945 462 reorum
968 403 1112 478 omnium,

114 495 166 573 qui
186 496 228 556 ita
250 515 367 574 semper
388 496 592 557 testimonium
614 499 653 557 de
679 497 793 558 ambitu
815 498 925 571 dicunt,
951 500 1036 577 quasi
1061 514 1113 566 aut

114 606 254 655 moveant
267 594 382 655 animos
396 593 527 655 iudicum
541 594 601 655 suis
615 595 792 656 testimoniis
804 609 856 657 aut
869 609 985 674 gratum
998 602 1111 679 populo

88 716 100 753 s
116 695 255 753 Romano
276 693 322 767 sit,
337 704 388 754 aut
406 695 446 754 ab
464 712 501 753 eo
519 692 632 753 facilius
652 696 693 755 ob
711 713 778 754 eam
798 714 919 755 causam
937 695 1111 774 dignitatem

112 811 203 867 quam
226 793 332 853 volunt
355 803 582 868 consequantur.
618 790 795 868 quibuscum
817 812 874 865 me,
899 792 1018 868 ludices
1041 814 1111 873 pug·
1126 799 1163 858 56

113 897 235 945 nantem
257 905 339 946 more
366 905 436 946 meo
459 884 583 962 pristino
605 905 667 946 non
688 885 844 947 videbitis:
872 906 934 954 non
956 908 1018 964 quo
1038 889 1111 950 mihi

112 981 213 1041 fassit
233 981 393 1060 quicquam
412 983 550 1060 defugere
571 984 654 1060 quod
674 985 753 1044 salus
774 984 888 1049 Plancii
901 987 1042 1063 postulet,
1057 988 1110 1046 sed

112 1076 181 1154 quia
204 1098 302 1155 neque
328 1098 451 1139 necesse
474 1089 519 1139 est
546 1099 595 1139 me
619 1078 650 1139 id
674 1080 811 1159 persequi
836 1099 920 1153 voce,
946 1083 1029 1158 quod
1055 1102 1110 1143 vos

74 1204 99 1230 ιο
113 1185 214 1234 mente
227 1172 359 1248 videatis,
376 1185 407 1234 et
425 1176 508 1251 quod
526 1173 569 1235 ita
586 1175 626 1235 de
642 1194 691 1235 me
709 1173 805 1238 moiri
818 1187 887 1237 sunt
899 1175 941 1235 illi
955 1174 1018 1254 ipsi,
1035 1197 1109 1255 quos

112 1288 169 1346 ego
186 1270 270 1329 testis
283 1269 373 1330 video
393 1281 520 1347 paratos,
536 1279 569 1328 ut
585 1287 690 1331 eorum
706 1269 969 1346 reprehensionem
982 1291 1036 1332 vos
1048 1291 1111 1331 ves·

112 1376 174 1426 trae
197 1367 373 1444 prudentiae
396 1368 562 1440 adsumere,
586 1386 672 1430 nme
695 1367 860 1428 modestiae
886 1369 1034 1430 remittere
1061 1372 1111 1430 de·

113 1461 213 1523 beatis.
254 1462 328 1523 illud
349 1483 443 1524 unum
462 1482 516 1524 vos
539 1483 649 1541 magno
671 1483 763 1542 opere
782 1484 836 1525 oro
863 1477 953 1543 atque
974 1467 1109 1539 obsecro,

111 1558 232 1631 iudices,
251 1579 321 1619 cum
339 1558 433 1631 huius,
449 1578 540 1639 quem
561 1559 701 1631 defendo,
715 1570 780 1620 tum
801 1558 968 1621 communis
988 1562 1110 1639 periculi

75 1683 98 1719 ις
111 1674 208 1728 causa,
234 1675 272 1716 ne
296 1656 371 1716 fictis
394 1653 605 1727 auditionibus,
631 1674 670 1714 ne
698 1654 891 1715 disseminato
918 1655 1110 1735 dispersoque

111 1753 239 1815 sermoni
266 1755 397 1817 fortunas
425 1750 629 1812 innocentium
654 1750 841 1813 subiciendas
863 1754 979 1830 putetis
1024 1753 1110 1815 multi
1124 1758 1162 1816 57

110 1851 198 1913 amici
218 1848 405 1921 accusatoris,
420 1869 482 1909 non
500 1847 573 1908 nulli
591 1847 682 1909 etiam
701 1849 793 1910 nostri
812 1848 914 1927 iniqui,
929 1848 1014 1911 multi
1031 1871 1111 1911 com-

83 2010 89 2026 ,
110 1971 216 2015 munes
237 1951 449 2012 obtrectatores
473 1958 563 2024 atque
584 1946 718 2006 omnium
736 1945 829 2007 invidi
847 1949 941 2008 multa
954 1949 1108 2010 finxerunt

104 2046 183 2107 mhil
196 2057 241 2107 est
254 2054 355 2104 autem
370 2055 432 2103 tam
445 2044 565 2103 volucre
580 2061 670 2119 quam
685 2041 891 2104 maledictum:
910 2042 983 2104 nihil
996 2043 1110 2104 facilius

72 2177 98 2204 ω
111 2144 260 2215 emittitur,
274 2143 348 2202 nihil
361 2140 446 2202 citius
461 2139 612 2218 excipitur,
630 2139 717 2205 latius
731 2139 896 2219 dissipatur.
932 2161 1030 2218 neque
1043 2162 1108 2220 ego,

85 2316 88 2321 ¹
110 2241 134 2302 si
153 2245 267 2303 fontem
286 2237 436 2300 maledicti
455 2236 614 2315 reperietis,
629 2249 663 2298 ut
680 2239 842 2315 neglegatis
855 2249 907 2299 aut
921 2239 1110 2300 dissimuletis

110 2359 252 2415 umquam
265 2337 443 2416 postulabo:
457 2336 512 2396 sed
526 2335 552 2396 si
562 2335 636 2412 quid
646 2334 711 2395 sine
721 2336 819 2413 capite
829 2337 962 2398 manabit
975 2348 1027 2397 aut
1038 2336 1110 2414 quid

110 2434 164 2496 erit
174 2433 238 2495 eius
249 2432 332 2494 modi
343 2444 452 2493 utnon
467 2443 562 2492 exstet
576 2443 686 2505 auctor,
698 2430 749 2509 qui
758 2431 883 2494 audierit
899 2443 993 2492 aulem
1008 2446 1059 2495 aut
1070 2433 1110 2494 ita

110 2534 269 2610 neglegens
282 2530 368 2591 vobis
382 2549 448 2590 esse
461 2528 617 2604 videbitur,
637 2543 671 2592 ut
687 2533 769 2591 unde
788 2531 914 2593 audierit
932 2533 1043 2593 oblitus
1063 2531 1108 2605 sit,

71 2663 96 2700 05
109 2640 160 2690 aut
181 2627 224 2689 ita
245 2630 342 2688 levem
363 2624 486 2688 habebit
505 2640 667 2699 auctorem,
689 2639 723 2688 ut
742 2629 885 2689 memoria
905 2628 1027 2706 dignum
1048 2649 1108 2690 non

109 2725 226 2803 putarit,
240 2724 327 2784 huius
340 2724 391 2785 illa
403 2743 462 2785 vox
472 2722 599 2801 volgaris
611 2723 740 2784 ‘audivi’
754 2742 794 2784 ne
807 2723 880 2803 quid
892 2724 1046 2786 innocenti
1058 2745 1110 2786 reo

108 2833 224 2894 noceat,
239 2841 366 2882 oramus.

168 2919 275 2978 XXIV
315 2918 375 2979 Sed
384 2915 472 2979 venio
486 2917 545 2978 iam
559 2917 598 2976 ad
612 2918 646 2976 L.
658 2917 804 2990 Cassium,
812 2916 985 2978 familiarem
999 2936 1109 2992 meum,
1123 2925 1161 2983 58

108 3017 191 3077 cuius
204 3035 241 3076 ex
254 3011 387 3076 oratione
400 3033 440 3074 ne
452 3011 536 3073 illum
546 3012 668 3090 quidem
680 3012 849 3072 Iuventium
860 3023 958 3072 tecum
972 3023 1109 3089 expostu-

72 3143 98 3182 30
110 3112 176 3186 lavi,
191 3132 281 3189 quem
294 3110 345 3170 ille
359 3110 442 3170 omni
455 3121 486 3170 et
504 3107 689 3169 humanitate
709 3119 738 3168 et
751 3106 860 3167 virtute
878 3118 998 3168 ornatus
1012 3109 1112 3168 adulo

110 3229 196 3270 scens
213 3208 341 3286 primum
355 3207 394 3267 de
408 3208 497 3283 plebe
515 3205 643 3266 aedilem
662 3206 791 3265 curulem
811 3205 923 3263 factum
942 3223 1007 3264 esse
1025 3204 1106 3265 dixit.

111 3306 142 3366 in
162 3324 230 3382 quo,
246 3302 341 3375 Cassi,
356 3301 381 3362 si
400 3301 456 3362 tibi
475 3300 517 3361 ita
537 3301 742 3378 respondeam,
764 3297 893 3359 nescisse
913 3299 945 3359 id
966 3301 1109 3376 populum

112 3405 291 3474 Romanum,
312 3415 410 3472 neque
431 3395 520 3456 fuisse
541 3394 595 3471 qui
616 3394 647 3453 id
671 3393 759 3453 nobis
779 3401 916 3464 narraret,
938 3392 1108 3469 praesertim
