2406 3788
125 210 164 268 34
385 189 430 249 M.
460 189 594 247 TVLLI
615 185 861 261 CICERONIS
916 181 1118 265 [XXXIII82

121 318 282 381 amicitiam
306 338 404 379 meam
424 316 569 395 voluptati
588 316 721 394 pluribus
742 336 833 393 quam
852 313 999 394 praesidio
1019 314 1120 389 fuisse,

122 434 230 492 meque
240 415 433 474 vehementer
442 412 520 473 vitae
533 431 620 472 meae
633 411 805 488 paeniteret,
815 408 839 471 si
853 410 885 470 in
898 430 966 472 mea
975 408 1122 471 familiari·

123 524 183 573 tate
197 515 280 571 locus
295 522 373 571 esset
387 508 500 571 nemini
513 509 570 570 nisi
583 508 711 587 litigioso
724 521 775 569 aut
789 506 918 569 nocenti.

69 611 108 670 8³
183 607 319 668 XXXIV
360 607 421 667 Sed
437 607 512 666 haec
530 605 632 667 nescio
651 625 712 682 quo
731 606 823 667 modo
842 608 1012 682 frequenter
1024 601 1055 663 in
1071 623 1123 666 me

122 699 303 779 congessisti,
319 720 449 779 saneque
470 701 501 761 in
523 720 559 761 eo
579 701 680 762 creber
699 699 786 775 fuisti,
801 712 831 761 te
852 699 962 760 idcirco
982 697 1014 759 in
1034 699 1123 759 ludos
1151 737 1164 774 5

122 819 242 859 causam
256 797 392 859 conicere
407 796 546 870 noluisse,
561 817 600 858 ne
620 816 675 874 ego
694 817 762 857 mea
780 795 996 858 consuetudine
1010 793 1124 873 aliquid

123 899 162 958 de
176 895 267 957 tensis
281 893 499 955 misericordiae
510 913 600 953 causa
609 892 747 967 dicerem,
760 894 842 971 quod
856 892 888 953 in
901 891 964 953 aliis
978 891 1123 953 aedibus

122 1003 191 1052 ante
205 988 348 1050 fecissem.
387 1008 448 1049 non
463 987 536 1047 nihil
551 987 636 1066 egisti
649 989 708 1047 hoc
722 989 806 1063 loco;
822 1007 893 1048 nam
907 986 981 1046 mihi
991 984 1123 1064 eripuisti

122 1096 329 1146 ornamentum
345 1083 484 1144 orationis
498 1103 597 1146 meae:
614 1082 781 1157 deridebor,
791 1082 816 1143 si
829 1081 1012 1144 mentionem
1027 1093 1124 1143 tensa·

122 1200 188 1240 rum
208 1182 315 1252 fecero,
336 1198 405 1238 cum
427 1190 459 1238 tu
478 1177 510 1239 id
531 1177 727 1256 praedixeris:
747 1177 811 1239 sine
825 1171 915 1238 tensis
933 1189 1034 1238 autem
1048 1176 1123 1254 quid
1137 1215 1163 1242 10

122 1289 227 1355 potero
242 1276 358 1338 dicere?
397 1275 447 1336 hic
461 1276 551 1338 etiam
565 1274 707 1338 addidisti
720 1296 769 1337 me
782 1275 893 1337 idcirco
912 1295 980 1336 mea
993 1277 1058 1351 lege
1072 1293 1122 1334 ex-

123 1372 189 1433 silio
213 1372 357 1433 ambitum
382 1372 521 1447 sanxisse,
544 1383 578 1432 ut
601 1371 827 1433 miserabiliores
849 1370 982 1448 epilogos
1002 1388 1122 1446 possem

123 1469 230 1530 dicere.
267 1488 327 1528 non
337 1468 423 1528 vobis
433 1469 549 1530 videtur
562 1489 632 1529 cum
646 1468 746 1546 aliquo
760 1471 967 1541 declamatore,
977 1487 1039 1527 non
1053 1486 1122 1526 curn

70 1572 110 1632 84
124 1565 231 1627 laboris
253 1576 283 1627 et
306 1565 360 1626 fori
383 1565 530 1644 discipulo
551 1565 719 1644 disputare?
771 1565 887 1627 ‘Rhodi
907 1565 1002 1626 enim’
1026 1563 1122 1641 inquit

125 1668 194 1741 ‘ego
208 1682 270 1723 non
284 1661 347 1723 fui?
369 1683 418 1724 me
438 1665 501 1724 volt
515 1661 612 1724 luisse.
641 1664 707 1723 ‘sed
721 1662 778 1722 lui’
793 1660 1070 1739 inquit—putabam
1090 1659 1122 1720 in
1138 1699 1162 1736 ,5

123 1760 267 1820 Vaccaeis
286 1759 535 1822 dicturum-‘bis
549 1759 580 1819 in
595 1759 750 1837 Bithynia!
790 1758 815 1819 si
828 1761 912 1820 locus
926 1759 1016 1819 habet
1029 1777 1124 1835 repre-

124 1856 277 1918 hensionis
297 1877 399 1917 ansam
421 1857 560 1934 aliquam,
582 1856 684 1917 nescio
709 1875 762 1916 cur
783 1854 958 1917 severiorem
978 1853 1123 1914 Nicaeam

124 1963 211 2028 putes
232 1970 321 2028 quam
336 1953 495 2012 Rhodum:
516 1950 541 2012 si
562 1953 725 2028 spectanda
745 1970 834 2010 causa
854 1960 906 2020 est,
926 1961 957 2010 et
977 1961 1009 2009 tu
1025 1948 1056 2009 in
1077 1947 1124 2008 Bi-

124 2046 227 2125 thynia
240 2066 357 2106 summa
368 2066 437 2106 cum
449 2045 591 2124 dignitate
601 2045 682 2106 fuisti
696 2057 726 2106 et
739 2065 796 2122 ego
807 2044 908 2105 Rhodi
922 2063 984 2103 non
998 2043 1121 2105 minore.

125 2162 195 2201 narn
209 2141 291 2218 quod
306 2141 337 2199 in
351 2160 389 2201 eo
405 2161 454 2202 me
474 2139 695 2218 reprehendisti,
711 2141 794 2216 quod
812 2138 936 2198 nimium
950 2140 1060 2198 multos
1074 2138 1123 2198 de·
1136 2173 1162 2202 20

124 2240 286 2310 tenderem,
301 2236 415 2296 utinam
436 2249 466 2297 et
484 2247 525 2308 tu,
541 2235 593 2311 qui
611 2245 705 2312 potes,
721 2246 751 2295 et
772 2232 870 2308 ceteri,
885 2233 936 2308 qui
958 2230 1122 2310 defugiunt,

124 2336 236 2396 vellent
256 2353 305 2394 me
326 2333 426 2393 labore
440 2334 499 2393 hoc
519 2335 633 2392 levare!
674 2331 728 2391 sed
742 2332 775 2390 fit
787 2340 884 2390 vestra
897 2327 1057 2405 diligentia,
1072 2329 1124 2406 qui

126 2429 222 2490 causis
236 2427 438 2506 ponderandis
458 2426 629 2488 omniafere
648 2425 815 2503 repudiatis,
830 2436 864 2485 ut
884 2425 924 2484 ad
942 2444 997 2484 nos
1014 2427 1124 2501 plerae-

126 2546 185 2604 que
199 2527 359 2596 contluant,
375 2523 426 2600 qui
439 2523 553 2585 miseris
571 2534 602 2584 et
620 2523 820 2584 laborantibus
838 2541 946 2599 negare
964 2520 1037 2581 nihil
1057 2542 1125 2601 pos-

73 2635 111 2694 85
126 2642 235 2684 sumus.
277 2618 459 2681 admonuisti
483 2619 581 2693 etiam,
605 2620 689 2696 quod
710 2618 741 2679 in
764 2621 854 2681 Creta
874 2617 987 2691 fuisses,
1011 2618 1123 2679 dictum
1137 2662 1161 2699 2⁵

125 2720 246 2798 aliquod
260 2716 291 2778 in
305 2715 479 2796 petitionem
494 2728 576 2777 tuam
593 2715 653 2776 dici
666 2716 815 2793 potuisse:
838 2734 887 2775 me
901 2714 933 2776 id
950 2715 1122 2792 perdidisse.

125 2830 192 2880 uter
204 2817 292 2896 igitur
305 2825 438 2875 nostrum
458 2826 502 2877 est
521 2812 656 2892 cupidior
669 2812 758 2874 dicti?
778 2832 883 2890 egone,
898 2812 950 2890 qui
968 2814 1051 2890 quod
1064 2812 1124 2873 dici

126 2915 222 2995 potuit
236 2933 298 2975 non
312 2911 443 2988 dixerim,
459 2932 497 2972 an
518 2924 559 2986 tu,
575 2908 627 2989 qui
647 2909 736 2970 etiam
757 2907 821 2987 ipse
839 2908 870 2969 in
887 2920 918 2971 te
935 2908 1061 2970 dixeris?
1094 2920 1125 2969 te

127 3012 226 3072 aiebas
241 3013 279 3072 de
293 3010 351 3071 tuis
365 3011 452 3068 rebus
470 3007 560 3086 gestis
574 3007 669 3066 nullas
687 3005 798 3067 litteras
816 3005 940 3079 misisse,
955 3006 1037 3084 quod
1051 3003 1124 3065 mihi

126 3124 219 3177 meae,
245 3125 318 3182 quas
345 3104 384 3164 ad
412 3102 541 3180 aliquem
568 3100 722 3175 misissem,
749 3100 931 3162 obfuissent:
966 3119 1040 3177 quas
1067 3117 1123 3176 ego
1137 3141 1163 3180 3,

126 3198 201 3258 mihi
228 3198 357 3258 obfuisse
384 3217 447 3258 non
474 3197 622 3275 intellego,
648 3195 691 3257 rei
714 3196 851 3273 publicae
874 3196 963 3257 video
983 3194 1125 3273 prodesse

126 3293 266 3373 potuisse.

75 3396 114 3457 86
189 3391 306 3453 XXXV
347 3390 407 3450 Sed
427 3402 495 3452 sunt
515 3393 590 3452 haec
610 3389 730 3465 leviora,
755 3389 805 3450 illa
826 3409 896 3451 vero
916 3386 1015 3466 gravia
1035 3396 1126 3464 atque
