2406 3788
115 197 174 255 xx
187 191 239 277 49]
300 195 392 257 Pro
422 196 488 256 clv.
511 195 712 258 pannoso
742 197 912 258 enarro
1061 217 1106 274 ¹19

112 328 189 388 tribu
204 324 366 399 Plancium,
382 328 465 404 quod
480 326 579 387 multis
592 325 721 404 benigne
734 327 845 402 fecerit,
859 347 914 405 pro
929 329 1030 389 multis
1043 348 1110 408 spo-

111 423 257 500 ponderit,
281 423 311 483 in
340 442 445 500 operas
472 423 615 499 plurimos
641 422 732 509 patris
759 423 934 484 auctoritate
961 435 992 484 et
1018 422 1109 502 gratia

112 518 231 592 miserit,
250 518 332 594 quod
352 518 482 594 denique
502 518 641 578 omnibus
661 517 766 579 officiis
784 538 838 597 per
856 538 897 592 se,
914 539 968 597 per
984 532 1108 598 patrem,

111 635 165 692 per
177 615 304 675 maiores
321 635 391 676 suos
408 626 502 675 totam
516 615 668 675 Atinatem
685 617 897 693 praefecturam
916 618 1105 694 comprehen-

86 711 193 785 5derit‚
208 711 251 771 sic
264 722 297 770 tu
315 712 391 771 doce
410 721 591 788 sequestrem
609 709 706 782 luisse,
721 710 858 788 largitum
875 730 949 785 esse,
958 713 1109 790 conscrip

110 807 190 882 sisse,
212 805 325 867 tribulis
345 805 549 867 decoriavisse
581 806 662 883 quod
683 804 707 865 si
726 825 788 866 non
807 816 902 883 potes,
923 805 987 866 noli
1006 808 1108 868 tollere

111 924 147 965 ex
164 903 269 964 ordine
290 916 392 964 nostro
411 901 626 977 liberalitatem,
643 901 707 963 noli
724 903 901 965 maleficium
922 915 1025 981 putare
1044 924 1107 965 esse

109 1000 240 1078 gratiam,
255 999 317 1060 noli
331 998 548 1060 observantiam
562 998 675 1060 sancire
689 1017 798 1074 poena.

164 1096 473 1174 Itaquehaesitantem
483 1108 514 1157 te
523 1096 617 1156 inhoc
625 1094 977 1159 sodaliciorumtribuario
985 1097 1106 1160 crimine
1177 1149 1178 1152 ,

74 1227 98 1256 ιο
109 1197 149 1256 ad
167 1214 359 1256 communem
379 1193 507 1254 ambitus
520 1213 639 1254 causam
653 1192 813 1268 contulisti,
823 1192 855 1253 in
869 1213 929 1272 qua
939 1194 1107 1258 desinamus

109 1294 278 1370 aliquando,
294 1292 319 1352 si
332 1291 456 1364 videtur,
469 1290 581 1369 volgari
594 1302 625 1352 et
638 1302 796 1369 pervagata
809 1293 1026 1356 declamatione
1039 1314 1107 1356 con·

109 1390 237 1449 tendere.
281 1387 324 1448 sic
345 1387 426 1447 enim
446 1397 545 1447 tecum
563 1406 620 1464 ago
631 1410 642 1449 z,
658 1406 750 1473 quam
764 1386 819 1448 tibi
837 1390 1030 1450 commodum
1051 1402 1103 1466 est,
1118 1402 1157 1461 48

109 1487 216 1546 tribum
238 1505 328 1546 unam
351 1485 464 1561 delige:
486 1495 519 1545 tu
542 1485 628 1560 doce,
650 1485 682 1544 id
706 1485 788 1562 quod
810 1486 913 1561 debes,
935 1506 990 1564 per
1016 1507 1105 1565 quem

109 1595 298 1660 sequestrem,
313 1602 374 1659 quo
393 1582 520 1643 divisore
538 1594 675 1661 corrupta
691 1583 746 1642 sit:
767 1601 831 1660 ego,
847 1583 872 1642 si
885 1583 917 1643 id
929 1586 1026 1645 facere
1043 1605 1105 1645 non

73 1711 97 1746 15
109 1677 246 1755 potueris,
262 1679 352 1754 quod,
370 1688 403 1737 ut
420 1676 522 1754 opinio
540 1696 609 1738 mea
626 1679 689 1750 fert,
703 1696 743 1737 ne
763 1676 886 1754 incipies
907 1678 1037 1755 quidem,
1052 1700 1106 1758 per

108 1795 198 1852 quem
216 1774 313 1836 tulerit
328 1775 454 1835 docebo.
496 1787 580 1836 estne
598 1775 674 1835 haec
685 1794 756 1835 vera
775 1774 951 1836 contentio?
969 1777 1104 1854 placetne

108 1873 151 1933 sic
164 1872 233 1950 agi?
272 1892 344 1932 num
360 1892 483 1949 possum
501 1871 594 1952 magis
611 1875 720 1951 pedem
738 1872 928 1946 conferrent
948 1872 1039 1949 aiunt,
1054 1889 1104 1936 aut

107 1972 228 2048 propius
252 1973 416 2034 accedere?
469 1971 543 2049 quid
565 1973 669 2034 taces?
707 1969 781 2048 quid
804 1969 993 2031 dissimulas?
1032 1972 1103 2050 quid

107 2067 324 2144 tergiversaris?
351 2067 440 2129 etiam
454 2080 545 2144 atque
559 2066 647 2129 etiam
661 2065 740 2127 insto
753 2077 843 2144 atque
856 2085 955 2145 urgeo,
966 2066 1102 2141 insector,

69 2182 199 2241 20posco
225 2174 316 2239 atque
344 2165 422 2224 adeo
450 2163 551 2240 flagito
576 2162 696 2224 crimen.
740 2181 958 2240 quamcumque
985 2163 1102 2238 tribum,

107 2258 237 2336 inquam,
260 2259 411 2336 delegeris,
439 2278 530 2336 quam
561 2258 658 2320 tulerit
688 2258 834 2333 Plancius,
852 2269 884 2319 tu
905 2259 1064 2335 ostendito,
1079 2261 1103 2320 si

106 2357 244 2434 potueris,
269 2357 391 2417 viriumr
420 2377 476 2435 ego
496 2376 556 2435 qua
575 2356 690 2417 ratione
718 2355 816 2418 tulerit
838 2357 963 2418 docebo.
1004 2377 1102 2437 neque

105 2452 160 2514 erit
186 2453 260 2513 haec
284 2453 343 2514 alia
368 2452 443 2514 ratio
469 2452 590 2513 Plancio
614 2471 650 2512 ac
674 2448 735 2527 tibi,
761 2451 937 2514 Laterensis.
979 2473 1050 2515 nam
1070 2467 1102 2514 ut

106 2569 179 2626 quas
195 2549 289 2611 tribus
310 2562 342 2610 tu
364 2550 464 2626 tulisti,
480 2549 506 2610 si
526 2550 585 2610 iam
599 2559 678 2610 exte
692 2549 847 2627 requiram,
862 2551 959 2628 possis
976 2570 1100 2629 quorum

68 2680 93 2716 25
105 2645 204 2706 studio
231 2645 330 2706 tuleris
359 2644 513 2723 explicare,
544 2644 587 2704 sic
620 2663 677 2722 ego
708 2644 768 2704 hoc
790 2646 952 2719 contendo,
975 2666 1024 2708 me
1047 2643 1113 2708 tibi*

104 2741 161 2818 ipsi
191 2741 366 2816 adversario,
388 2740 600 2818 cuiuscumque
627 2740 719 2801 tribus
745 2741 892 2801 rationem
918 2743 1100 2820 poposceris,

105 2837 297 2898 redditurum.

165 2936 224 2994 XX
266 2935 325 2995 Sed
339 2955 391 2995 cur
405 2934 447 2995 sic
460 2939 540 3013 ago?
560 2936 644 3012 quasi
658 2955 720 2996 non
734 2936 861 2996 comitiis
875 2936 934 2997 iam
948 2934 1099 3016 superiori·
1113 2949 1151 3006 49

104 3033 159 3093 bus
180 3032 217 3092 sit
239 3031 376 3092 Plancius
396 3033 565 3111 designatus
584 3033 706 3094 aedilis:
737 3053 815 3111 quae
835 3033 957 3095 comitia
972 3035 1100 3114 primum

67 3157 92 3194 ³0
104 3129 213 3188 habere
231 3127 331 3204 coepit
344 3129 447 3187 consul
461 3148 530 3192 cum
546 3127 685 3188 omnibus
698 3127 731 3188 in
743 3130 831 3190 rebus
844 3149 961 3192 summa
977 3132 1101 3194 auctori-

103 3234 164 3284 tate
172 3236 236 3283 tum
244 3224 346 3282 harum
356 3222 484 3300 ipsarum
494 3225 594 3302 legum
605 3222 733 3285 ambitus
742 3237 846 3285 auctor
850 3245 860 3299 3
873 3226 982 3289 deinde
992 3228 1100 3291 habere

103 3317 202 3395 coepit
216 3317 315 3378 subito
327 3330 443 3395 praeter
456 3319 629 3395 opinionem
648 3320 791 3394 omniurn,
805 3331 891 3382 utne
905 3321 930 3383 si
943 3322 1100 3400 cogitasset

103 3416 225 3492 quidem
242 3412 338 3492 largiri
356 3413 510 3501 quispiam,
525 3415 645 3476 daretur
661 3416 790 3492 spatium
807 3420 1005 3495 comparandi
1048 3439 1099 3479 vo-

951 3541 1046 3586 a-a
