2406 3788
184 177 225 234 aa
490 175 581 235 prro
610 173 677 234 ceu
702 172 902 235 panacea
995 171 1054 255 [xr
1074 138 1189 252 §.274

183 304 251 352 ribus
267 309 292 352 et
308 301 446 352 cuiusmodi
462 300 571 351 virorum
586 300 679 351 iudicio
691 302 737 352 Cn.
753 302 849 352 Plancii
864 317 945 352 mores
956 303 1111 367 comprobati
1122 303 1182 354 sint.

184 367 259 430 Quod
270 367 351 430 ipsum
363 367 446 415 statim
457 367 588 430 vigilanter
598 381 658 430 erga
667 382 799 430 personam
809 367 930 431 Torquati
942 367 1008 423 iacit,
1021 368 1090 417 cuius
1100 370 1189 432 gravi-1

183 439 260 485 tatem
271 439 297 480 et
306 431 495 480 sanctimoniam
506 446 557 479 non
568 430 647 480 otiose
663 431 806 481 testificatus
822 437 868 487 est,
885 431 929 480 sed
945 447 996 496 quo
1012 433 1092 495 magis
1108 433 1184 482 Plan-

183 496 235 544 cius
245 502 380 551 ornaretur,
391 510 467 559 quem
477 494 630 543 familiariter
640 493 683 544 ille
699 495 820 544 dilexerit.
856 495 890 544 Et
905 495 1032 560 quoniam
1040 497 1184 562 Torquatus

182 559 250 608 idem
266 574 382 624 praesens
397 574 448 607 non
465 565 526 614 erat,
537 559 564 607 in
580 559 632 608 eius
648 561 786 622 patruelem
802 558 976 620 conserendam
990 560 1087 624 putavit
1101 561 1184 610 vicem

183 624 324 682 testimonii,
338 631 366 672 ut
377 624 479 687 perinde
495 623 635 680 haberetur,
646 629 721 687 atque
734 625 756 673 si
769 623 866 673 adesset
877 624 905 683 is,
919 625 989 673 cuius
1000 624 1106 674 validior
1116 635 1183 676 esset

184 689 326 737 auctoritas
354 699 451 738 serios..
463 699 549 738 ΑΜΒΚ.
976 718 978 724 ·

229 794 249 840 1.
262 797 300 841 18.
331 795 361 840 Δ.
372 792 514 853 Torquato]
531 791 627 841 Aulus
644 791 775 842 Manlius
786 793 956 856 Torquatus
972 809 1023 844 was
1034 802 1184 859 propraetor

184 857 209 905 in
220 857 306 905 Africa
322 868 413 906 mum.
432 854 536 917 617=1a
545 869 568 905 e.
590 859 630 917 78.
664 856 702 904 Oi
714 857 753 906 his
769 856 822 906 first
838 859 924 907 cousin
941 859 1037 922 (frater
1046 861 1182 923 patntelis)

183 923 232 971 and
242 921 418 970 fatherin-law
427 921 514 970 Titus
525 919 658 970 Manlius
668 921 700 970 T.
714 920 735 968 i.
747 922 928 985 Torquatus,
942 923 999 972 who
1010 923 1070 972 bore
1081 923 1183 974 witness

183 1001 216 1034 on
228 986 315 1035 behalf
323 985 351 1034 ol
360 984 482 1043 Plancius,
496 984 585 1034 Cicero
595 985 652 1033 thus
663 986 754 1049 speaks
764 985 790 1035 in
801 985 844 1036 the
856 987 947 1036 Brutus
957 989 970 1046 5
983 1000 1046 1048 245:
1067 988 1096 1036 T.
1112 989 1183 1038 Tor·

183 1057 292 1114 quatur
308 1051 341 1098 Τ.
352 1051 382 1098 F.
394 1056 417 1097 et
426 1049 509 1097 dectus
518 1049 602 1097 uirex
616 1049 714 1098 Rleadta
730 1050 864 1114 disnplina
880 1052 998 1108 Molonis,
1015 1058 1039 1100 et
1053 1067 1069 1100 a
1085 1059 1182 1102 natura

183 1115 218 1162 ad
236 1114 363 1162 dicendum
379 1113 441 1161 satis
460 1114 553 1161 solutus
569 1118 643 1177 atque
658 1115 789 1177 expeditus,
810 1115 854 1163 cni
868 1114 892 1163 si
907 1116 960 1164 vita
976 1117 1181 1179 suppeditavisset,

182 1178 276 1226 sublata
292 1178 386 1290 qmbitu
402 1177 488 1225 consul
497 1177 585 1240 sactus
599 1184 665 1234 esset,
677 1178 739 1241 plus
747 1179 881 1242 facultatis
897 1179 984 1228 habuit
1001 1181 1038 1229 ad
1051 1181 1182 1231 dicatdum

183 1258 258 1306 qnam
268 1259 298 1291 vo
308 1243 409 1290 uniatis.

231 1349 249 1394 L
269 1349 307 1393 19.
340 1348 378 1393 sic
394 1347 506 1393 dilectus
522 1348 564 1393 est
578 1343 621 1404 ut]
636 1359 677 1407 cp.
692 1345 705 1404 5
718 1345 748 1394 28
765 1345 783 1393 l.
798 1361 819 1403 1,
833 1360 870 1393 or.
881 1361 907 1408 p.
921 1345 985 1394 Sest.
1001 1343 1041 1404 56
1057 1345 1099 1394 sic
1114 1345 1183 1394 hunc

183 1408 264 1472 diligit
279 1417 312 1457 ut
324 1411 420 1472 potestis
434 1409 551 1466 iudicare,
563 1409 606 1457 i-e.
623 1410 686 1471 ‘you
699 1425 756 1472 may
765 1409 842 1472 judge
853 1409 910 1458 how
921 1411 982 1459 lond
993 1410 1014 1460 is
1024 1410 1098 1459 heoi
1110 1411 1182 1460 him!

184 1474 360 1536 mcthslmo]
376 1475 390 1534 5
404 1489 431 1522 ra
443 1474 462 1522 1.
475 1487 513 1534 30,
528 1476 540 1533 5
553 1488 582 1537 32
595 1473 613 1521 l.
624 1486 665 1536 27,
679 1491 715 1526 or.
729 1491 754 1540 p.
770 1476 834 1526 Sest.
848 1475 896 1535 56.

230 1582 250 1629 1.
262 1584 300 1629 20.
332 1582 497 1629 mutabemlt
512 1578 687 1640 necessitudo]
706 1578 764 1629 ‘the
780 1578 899 1642 intimacy
914 1578 1006 1642 arising
1021 1576 1085 1627 from
1101 1577 1182 1644 living

183 1641 315 1710 together.¹
348 1646 389 1694 Ita
405 1652 464 1693 tunc
480 1660 535 1693 mos
551 1652 610 1703 erat,
630 1651 657 1693 ut
673 1644 843 1694 adulescentes
862 1644 1007 1709 quotidiano
1023 1643 1139 1692 convictu
1155 1655 1181 1694 et

183 1713 296 1760 sermone
312 1709 433 1758 clarorum
447 1709 554 1758 virorum
569 1708 778 1758 administrandae
795 1708 854 1772 reip.
869 1707 998 1757 scientiam
1010 1707 1177 1819 perciperent.

184 1774 226 1824 Sic
238 1774 268 1823 L.
282 1774 379 1824 Gellius
393 1774 424 1823 C.
439 1773 563 1822 Carbonis
579 1773 605 1821 in
621 1773 750 1822 consulatu
767 1772 994 1822 contubernalis
1020 1771 1055 1821 uit
1064 1787 1071 1830 ;
1087 1787 1112 1819 v.
1125 1771 1181 1821 Cic.

183 1839 344 1900 Brut.5105.
386 1838 428 1888 Sic
443 1839 479 1886 M.
495 1838 594 1886 Caelius
611 1837 642 1898 Q.
658 1837 778 1900 Pompeio
794 1837 935 1901 proconsuli
951 1835 1181 1885 contubernalis

182 1903 331 2029 isnulisgciff
343 1910 379 1952 est
390 1902 529 1967 prolectus;
547 1918 570 1951 v.
585 1908 647 1950 orat.
661 1917 707 1976 pro
719 1902 773 1964 ipso
784 1903 797 1962 5
811 1916 848 1963 73.
887 1913 947 1949 MAN
952 1913 1033 1949 usius
1044 1901 1076 1948 ad
1088 1915 1124 1948 or.
1134 1917 1181 1964 pro

229 2063 249 2108 1.
261 2066 299 2109 24.
333 2060 460 2121 camillo]
476 2076 509 2110 sc.
521 2061 555 2109 Α.
567 2063 703 2125 Torquato.
748 2059 986 2122 laude]=‘worth,'
1000 2061 1104 2111 ‘merit’

230 2160 277 2216 qul
292 2161 334 2206 aar
350 2157 465 2217 quidem]
494 2158 526 2206 In
542 2158 592 2207 this
606 2158 669 2207 iorm
684 2157 726 2206 ille
740 2157 761 2206 is
776 2174 844 2207 more
858 2160 956 2222 usually
970 2160 1079 2210 inserted
1095 2161 1179 2210 before

182 2222 297 2286 quedem:
318 2237 356 2284 cp.
373 2224 387 2280 5
403 2235 433 2270 ar
452 2222 469 2269 l.
483 2234 506 2283 7,
522 2223 578 2283 552
596 2220 614 2269 l.
627 2237 666 2284 25,
685 2237 721 2270 or.
741 2221 849 2286 Philipp.
871 2234 892 2271 11
910 2223 950 2281 56
967 2224 995 2272 in
1011 2226 1056 2289 illa
1071 2228 1179 2288 querella

182 2286 271 2336 misem
281 2287 378 2350 qut'dem
388 2292 412 2334 et
421 2287 531 2334 luctuosa
540 2286 584 2334 sed
591 2287 825 2342 milei...necessaraa,
837 2286 898 2334 with
909 2285 1019 2350 Mayor’s
1029 2297 1097 2338 note.

202 2360 205 2364 ⁴
228 2369 343 2417 duculi!
357 2369 574 2425 propinquitatis,
591 2382 618 2416 as
633 2366 686 2415 first
700 2365 795 2423 cousin,
810 2369 966 2426 mutatis,
982 2383 1010 2416 as
1025 2370 1176 2419 souin-law.

182 2432 225 2484 On
235 2432 279 2482 the
289 2431 397 2494 genitive
408 2446 449 2479 see
460 2447 485 2478 n.
497 2438 524 2479 to
535 2432 548 2490 5
560 2447 588 2480 21
602 2432 621 2479 1.
635 2433 673 2480 18.

229 2528 248 2575 1.
260 2531 296 2576 26.
333 2529 535 2575 neoesdtudlnls
556 2527 662 2587 ausas]
683 2541 819 2576 :causae
838 2541 913 2590 quae
929 2533 997 2577 sunt
1013 2527 1132 2591 positae
1149 2529 1178 2578 in

181 2590 413 2650 necessitudine,
428 2590 561 2641 ‘relations
576 2591 605 2641 of
617 2592 684 2640 close
698 2591 853 2655 friendship,'
865 2590 909 2640 the
922 2591 1049 2640 definitive
1061 2593 1177 2655 genitive,

182 2672 216 2704 on
231 2655 313 2705 which
329 2670 371 2705 see
388 2656 474 2705 Madv.
490 2670 530 2719 ep.
542 2671 576 2706 cr.
590 2656 622 2705 ad
635 2657 713 2705 Orell.
725 2671 751 2719 p.
764 2667 804 2720 79.
838 2655 877 2704 Cf.
891 2657 904 2714 5
916 2670 945 2704 ar
959 2656 977 2703 l.
991 2658 1028 2715 18,
1042 2657 1092 2705 div.
1104 2657 1131 2706 in
1142 2659 1174 2721 Q.

182 2719 437 2780 Caes-561nullam
454 2736 531 2796 neque
545 2720 670 2770 iustiorem
686 2735 762 2783 neque
771 2719 908 2784 gramarern
922 2736 1041 2768 causant
1058 2726 1177 2771 necessi·

181 2786 300 2835 tudinis
310 2791 380 2849 passe
393 2785 494 2848 reperire
510 2800 586 2849 quam
602 2785 794 2834 coniunctionum
806 2785 884 2843 sarts's,
898 2785 932 2834 ib.
949 2786 962 2844 5
978 2783 994 2834 6
1010 2787 1033 2834 si
1046 2787 1110 2836 milri
1122 2803 1177 2836 euna

181 2850 274 2898 Siculis
287 2865 376 2899 causa
391 2856 474 2898 tantae
487 2850 713 2898 necessitudinis
723 2865 773 2896 non
783 2849 910 2909 interesset,
924 2865 960 2899 or.
973 2865 998 2914 p.
1014 2851 1077 2900 Sull.
1089 2853 1102 2910 5
1114 2866 1144 2913 23
1156 2859 1178 2901 te

181 2931 198 2963 a
209 2931 247 2965 nse
253 2924 301 2978 pra
311 2915 409 2978 magnis
419 2914 520 2962 causis
535 2921 631 2962 nestrae
646 2913 878 2963 necessitudinis
892 2916 1039 2964 monendum
1049 2931 1096 2965 esse
1105 2918 1176 2965 etiarn

181 2985 254 3043 atque
266 2980 340 3029 enam
349 2985 420 3043 puto,
434 2994 472 3027 or.
483 2994 509 3040 p.
527 2977 629 3040 Quinct.
641 2980 654 3038 5
665 2980 697 3040 48
712 2978 735 3026 is
750 2978 851 3042 quicum
866 2979 912 3028 tili
925 2979 1051 3042 adfinitas,
1070 2981 1174 3039 secutas,

181 3058 264 3092 earnes
279 3044 384 3107 denique
403 3059 508 3092 causae
524 3049 548 3091 et
566 3043 799 3092 necessitudines
818 3050 907 3092 veteres
928 3045 1111 3102 intercedebant,
1135 3061 1173 3110 ep.

182 3106 214 3154 ad
233 3107 292 3156 iam.
311 3119 366 3156 xm
384 3109 439 3172 195
459 3122 468 3156 r
486 3123 542 3156 cum
558 3108 653 3170 Lysone
667 3107 786 3156 Patrensi
801 3113 836 3156 est
852 3107 917 3156 milei
931 3109 1028 3172 quidem
1044 3110 1174 3172 hospitium

181 3177 255 3230 vetus,
274 3187 350 3235 quarn
366 3188 405 3234 ega
421 3172 662 3222 necessitudinem
672 3178 754 3220 sancte
762 3171 885 3220 colendam
891 3180 974 3236 puto,·
989 3174 1032 3222 sed
1044 3190 1072 3222 ea
1087 3189 1177 3221 causa

181 3234 254 3282 enam
261 3251 316 3283 nen
327 3235 385 3285 aleis
395 3236 566 3301 compluribus,
576 3236 746 3299 familiaritas
756 3241 828 3284 tanta
838 3237 909 3285 nullo
918 3252 974 3285 cuna
985 3239 1080 3302 demde.

183 3366 188 3375 -.
228 3331 283 3381 iuli
297 3333 328 3379 ln
344 3335 480 3390 oreta-d.
496 3333 607 3393 Hetelll]
623 3333 758 3397 gratiosum
774 3331 849 3383 fuisse
864 3333 943 3383 videri
956 3341 1061 3398 poterat,
1073 3333 1094 3384 si
1106 3332 1176 3383 adse·

180 3401 275 3445 vereret
291 3409 348 3443 eum
369 3395 504 3446 Saturnino
523 3397 663 3462 propinquo
680 3411 725 3446 suo
741 3397 879 3460 placuisse;
899 3399 986 3448 maluit
1004 3399 1036 3447 ad
1056 3398 1175 3447 iudiciuin
