2406 3788
125 203 182 243 220
417 184 508 246 PRO
539 184 606 246 CN.
630 182 831 244 PLANCIO

121 314 291 382 Brundisium
305 313 427 380 oppidum
441 313 573 364 Calabriae
592 310 727 372 orientalis,
742 313 809 363 unde
824 312 941 364 traiectus
951 310 978 363 in
990 313 1125 364 Graeciam

154 395 372 460 frequentissimus,
386 395 411 446 h.
426 394 561 446 Brindisi
572 393 604 446 96
614 409 652 456 99,
666 395 698 446 97
708 392 739 444 96

124 479 245 529 Brutus:
255 492 280 526 v.
292 491 311 528 s.
326 477 420 526 Iuratus

610 627 631 676 C

129 721 228 771 Caecilii
237 722 350 772 Metelli:
366 737 451 775 eorum
462 729 569 773 stemma
579 722 611 772 89
623 738 648 786 p.
664 722 719 784 187,
731 722 849 788 triumphi
860 722 891 774 89
900 738 931 786 94

96 827 97 830 “
128 805 157 865 Q.
178 803 298 852 Caecilius
313 805 429 854 Metellus
444 805 476 854 L.
485 804 512 869 s.
532 803 688 861 Numidicus,
706 819 757 854 cos.
777 820 801 855 a.
829 819 883 871 109,
900 819 946 869 pro
962 816 1013 854 cos.
1033 818 1056 854 a.
1080 806 1128 856 108

158 899 216 933 cnm
238 884 359 949 Iugurtha
374 886 500 951 praeclare
522 884 649 948 pugnavit.
692 885 823 949 expulsum
837 885 938 935 civitate
954 900 970 934 a
988 884 1018 936 1.
1039 884 1127 935 Satur·

159 964 220 1014 nino
236 970 266 1013 tr.
285 964 321 1030 pl.
338 965 371 1025 (a.
391 961 454 1028 roo),
470 965 539 1029 quod
549 965 616 1014 solus
627 965 654 1013 in
664 962 732 1028 leges
742 964 795 1014 eius
805 964 886 1014 iurare
896 963 1017 1023 noluerat,
1029 964 1126 1028 pietate

164 1061 207 1096 sua
218 1045 365 1095 anctoritate
376 1054 475 1096 senatus
485 1060 607 1095 consensu
618 1047 705 1111 populi
717 1046 825 1096 Romani
837 1046 943 1096 restituit
954 1053 1050 1111 patrem
1055 1047 1088 1098 89
1098 1059 1128 1107 17

130 1131 160 1190 Q.
171 1129 293 1187 Metellus,
303 1129 346 1193 qui
357 1129 414 1178 inde
426 1143 564 1193 cognomen
573 1128 617 1178 Pii
626 1137 771 1179 consecutus
782 1135 826 1190 est,
837 1146 861 1178 9.
870 1144 916 1198 993
928 1128 1039 1194 pontifex
1050 1143 1127 1188 max,

165 1215 277 1256 mortuus
288 1214 325 1256 est
336 1223 359 1257 9.
373 1207 413 1270 63.
448 1209 481 1257 ab
492 1223 523 1257 eo
533 1209 666 1272 adoptatus
676 1216 714 1259 est
1091 1272 1094 1276 ²

132 1289 160 1348 Q.
183 1287 303 1337 Caecilius
318 1288 434 1336 Metellus
450 1288 609 1352 PiusScipao,
627 1289 671 1353 qui
687 1290 766 1340 luerat
778 1291 806 1340 P.
825 1289 900 1340 Corn.
922 1289 1008 1355 Scipio
1024 1288 1128 1350 Nasica,

162 1367 227 1417 lilius
238 1367 265 1418 P.
280 1368 356 1419 Corn.
371 1368 494 1433 Scipionis
506 1369 613 1419 Nasicae
624 1383 661 1434 pr.
673 1385 697 1419 a.
709 1386 742 1439 94
756 1377 781 1420 et
793 1369 911 1430 Liciniae,
929 1368 1011 1420 Crassi
1025 1368 1130 1419 oratoris

162 1449 235 1510 filiae,
254 1465 304 1499 cos.
322 1466 345 1500 a.
362 1465 392 1513 59
409 1466 467 1500 cum
484 1451 605 1517 Pompeio
620 1451 664 1516 qui
680 1451 822 1502 Corneliam
837 1450 914 1499 filiam
932 1450 984 1500 eius
1001 1448 1079 1509 duxit,
1094 1448 1131 1498 in·

162 1531 273 1581 tercessit
284 1547 330 1597 pro
342 1532 441 1583 Calidio
452 1539 581 1598 praeturae
592 1532 726 1582 candidato
737 1531 768 1582 69
779 1546 811 1594 30

134 1615 163 1674 Q.
185 1613 306 1664 Caecilius
324 1615 437 1663 Metellus
454 1615 485 1664 L.
499 1615 526 1680 f.
549 1615 665 1675 Creticus,
687 1629 738 1664 cos.
760 1629 782 1662 9.
809 1610 849 1679 69.
873 1627 896 1663 9.
916 1607 1014 1662 68—66
1031 1611 1132 1662 Cretam

164 1692 282 1755 subiecit;
298 1694 345 1744 sub
356 1710 386 1744 eo
398 1695 445 1744 Cn.
461 1692 576 1744 Plancius
587 1693 659 1742 miles
669 1692 716 1742 luit
727 1692 753 1741 in
765 1692 842 1743 Creta
852 1691 884 1742 27
892 1693 931 1752 98,
946 1690 1017 1754 6114

135 1775 214 1824 Gaius
226 1774 325 1825 Coelius
337 1775 438 1833 Caldus,
449 1781 480 1824 tr.
492 1775 527 1838 pl.
541 1790 564 1824 a.
581 1787 625 1837 107
637 1774 719 1838 legem
735 1771 891 1822 tabellarium
905 1771 970 1828 tulit,
987 1786 1036 1821 cos
1051 1786 1075 1820 a.
1089 1784 1131 1836 94,

165 1854 309 1905 adulescens
320 1855 470 1905 clarissimus
481 1854 563 1905 Mario
574 1855 680 1915 deditus,
693 1871 716 1905 a.
731 1855 761 1905 C.
777 1853 897 1918 Pompeio
911 1861 1041 1917 superatus
1052 1868 1077 1901 a.
1090 1854 1129 1916 83.

86 1990 88 1992 ,
166 1936 213 1986 sub
224 1937 291 1986 idem
302 1943 400 2001 tempus
411 1936 505 1986 occisus
516 1943 561 1997 est,
571 1935 604 1984 '52
619 1952 648 1986 99

138 2019 265 2068 Caesares:
280 2033 306 2068 v.
319 2033 337 2066 s
349 2017 417 2066 Iulii
429 2017 543 2067 Caesares

137 2102 166 2161 Q.
183 2099 301 2161 Calidius,
321 2108 392 2165 pater
407 2100 511 2150 oratoris
527 2099 564 2149 M.
583 2099 675 2149 Calidii
687 2097 768 2161 (Brut.
780 2115 803 2150 c.
818 2110 849 2162 70
862 2106 887 2149 et
902 2094 952 2161 80).
964 2103 996 2148 tr.
1006 2096 1043 2163 pl.
1054 2112 1078 2146 a.
1090 2111 1131 2163 99,

167 2183 220 2233 eius
230 2182 285 2247 lege
297 2182 331 2246 Q.
343 2183 461 2234 Metellus
472 2184 498 2233 in
509 2182 636 2233 civitatem
646 2183 773 2232 restitutus
784 2190 829 2243 est,
845 2182 875 2232 69
888 2194 919 2244 95

135 2265 167 2312 L.
190 2262 345 2326 Calpurnius
362 2261 422 2311 Piso
442 2261 600 2318 Caesoninus,
623 2275 673 2310 cos.
691 2276 715 2311 a.
738 2262 769 2323 58
787 2277 844 2311 cum
860 2261 893 2310 A.
912 2257 1031 2318 Gabinio,
1046 2259 1074 2309 in
1090 2274 1136 2309 eos

167 2341 291 2391 invehitur
303 2341 391 2391 Cicero
401 2340 434 2390 86
448 2356 492 2402 1¹3
508 2341 561 2391 eius
572 2341 650 2390 filiam
661 2341 824 2404 Calpurniam
837 2341 930 2390 Caesar
940 2355 1043 2390 uxorem
1054 2339 1133 2389 duxit.

139 2426 251 2482 Casinas,
265 2422 383 2473 oriundus
393 2438 410 2471 a
422 2423 518 2482 Casino,
536 2421 631 2487 oppido
645 2421 794 2471 Volscorum
808 2421 835 2470 in
852 2421 934 2482 Latio,
952 2421 980 2470 h.
997 2419 1132 2482 Cassino,

169 2507 201 2554 22
214 2518 244 2568 95

141 2588 221 2638 Gaius
233 2588 333 2638 Cassius
342 2587 479 2651 Longinus,
493 2585 606 2636 tribunus
618 2582 653 2650 pl.
665 2598 716 2633 non
728 2582 807 2633 lactus
818 2589 864 2644 est,
878 2597 931 2632 cos.
942 2598 965 2632 a.
976 2578 1017 2647 96,
1030 2581 1064 2632 59
1074 2597 1105 2646 94

138 2670 231 2720 Lucius
255 2668 354 2719 Cassius
368 2668 507 2732 Longinus,
525 2665 599 2715 irater
615 2664 664 2715 Gai
683 2663 770 2724 Cassii,
792 2662 836 2729 qni
856 2664 988 2713 Caesarem
1004 2661 1134 2722 interiecit,

171 2751 322 2816 subscriptor
337 2751 479 2801 Laterensis
493 2748 521 2798 in
536 2763 610 2798 causa
627 2747 769 2808 Planciano,
783 2746 910 2796 familiaris
920 2744 1048 2796 Ciceronis
1054 2743 1086 2793 68
1096 2745 1137 2803 98,

172 2833 204 2882 68
218 2849 239 2891 9,
251 2832 282 2882 69
296 2848 333 2895 94,
347 2833 378 2884 'll
393 2845 421 2893 95

143 2914 218 2964 Cato:
232 2929 255 2963 v.
263 2929 283 2963 s.
295 2915 398 2963 Porcius

143 2995 261 3046 Catulus:
276 3010 300 3044 v.
312 3009 332 3045 s-
344 2993 462 3044 Lutatius

143 3076 240 3125 Cicero:
254 3089 306 3125 us.
322 3075 348 3124 Τ
343 3076 420 3123 ullius

140 3158 181 3205 M.
192 3154 295 3220 Cipius,
304 3161 335 3205 tr.
344 3155 378 3220 pl.
387 3170 410 3205 a.
420 3164 460 3218 57,
470 3154 503 3203 de
509 3151 604 3203 ambitu
610 3157 746 3213 accusatus,
756 3168 772 3202 a
783 3151 904 3202 Cicerone
912 3149 993 3201 amico
1001 3149 1140 3201 frustrade·

174 3235 262 3295 sensus,
274 3235 423 3286 aiudicibus
433 3233 612 3285 condemnatus
622 3240 660 3284 est
672 3232 703 3284 75
715 3235 738 3293 8,
754 3231 901 3296 Cispiouusn
911 3231 1031 3281 iudicium
1042 3230 1074 3283 76
1085 3245 1118 3280 9ο

142 3316 238 3381 Appius
257 3317 377 3366 Claudius
392 3315 500 3366 Pasicles·
510 3314 617 3378 (minor),
635 3331 667 3365 ex
683 3314 794 3365 Caecilia
810 3313 915 3364 Metella
930 3320 1001 3378 pater
1012 3312 1041 3363 P.
1054 3312 1140 3364 Clodii

176 3405 206 3446 tr.
218 3394 254 3460 pl.
265 3411 288 3445 9.
303 3398 342 3460 58,
356 3395 524 3447 nobilissimus
540 3395 625 3459 bomo,
639 3395 696 3446 vivo
712 3403 783 3462 patre
792 3409 838 3445 suo
849 3393 878 3446 C.
894 3393 1008 3456 Claudio,
1021 3393 1141 3460 potentis·
