2406 3788
109 194 126 251 e
371 189 418 248 M.
445 189 581 250 mr]
606 186 851 248 ciceronis
1011 183 1051 266 [v
1070 205 1103 242 η

56 329 91 385 13
106 319 170 381 sine
191 317 318 396 ingenio,
341 317 402 377 vita
424 317 513 378 etiam
534 327 707 393 contempta
727 336 762 376 ac
783 316 911 377 sordida.
948 317 1108 378 ‘desidera-

106 424 173 473 runt
188 417 228 474 te’
244 413 341 489 inquit
356 413 447 473 ‘oculi
464 412 533 484 mei,
549 432 617 473 cum
636 423 668 471 tu
688 432 767 472 esses
789 411 931 488 Cyrenis:
955 432 1004 473 me
1027 412 1107 473 enim

108 526 197 582 quam
212 507 309 566 socios
324 518 374 566 tua
387 506 443 565 frui
456 507 565 567 virtute
579 507 735 578 malebam,
751 518 790 581 et,
806 526 867 583 quo
880 509 946 584 plus
959 507 1106 580 intererat,

108 622 144 663 eo
165 605 232 679 plus
252 605 355 664 aberat
375 623 393 662 a
413 623 471 676 me,
493 624 562 664 cum
585 615 615 664 te
643 623 706 662 non
732 604 871 664 videbam
877 625 886 677 ;
914 603 1025 665 deinde
1049 604 1107 664 siti-

108 708 206 757 entem
231 717 280 758 me
307 697 421 758 virtutis
448 709 517 758 tuae
539 697 693 758 deseruisti
714 718 751 758 ac
771 698 919 775 reliquisti.
967 719 1106 777 coeperas
1135 720 1146 756 s
1196 760 1199 764 Α

108 794 187 854 enim
207 807 308 871 petere
329 795 511 855 tribunatum
531 796 627 872 plebis
647 797 830 872 temporibus
851 797 903 868 eis,
923 816 1000 872 quae
1019 796 1107 854 istam

14 960 18 965 ⁴
108 891 308 967 eloquentiam
322 902 352 951 et
366 890 503 950 virtutem
522 891 723 967 requirebant:
744 912 835 968 quam
849 893 1024 969 petitionem
1038 912 1107 951 cum

107 986 283 1062 reliquisses,
299 986 322 1045 si
337 988 395 1045 hoc
408 987 555 1061 indicasti,
569 999 652 1048 tanta
665 987 695 1047 in
710 999 885 1066 tempestate
900 999 929 1048 te
943 991 1106 1066 gubernare

107 1101 169 1142 non
190 1103 286 1159 posse,
309 1084 348 1143 de
367 1083 475 1142 virtute
496 1095 548 1143 tua
561 1084 708 1159 dubitavi,
729 1084 754 1143 si
775 1087 863 1157 nolle,
879 1087 917 1145 de
937 1087 1106 1158 voluntate,

108 1179 163 1252 sin,
178 1181 260 1254 quod
279 1179 371 1256 magis
390 1179 539 1257 intellego
555 1181 737 1257 temporibus
751 1192 781 1241 te
795 1180 860 1239 aliis
874 1180 1034 1253 reservasti,
1050 1199 1106 1256 ego
1121 1205 1146 1232 ιο

109 1279 239 1353 ¹quoque'
257 1275 371 1352 inquiet
389 1278 518 1352 populus
540 1279 696 1336 Romanus
712 1277 763 1336 ‘ad
782 1295 817 1336 ea
837 1286 866 1335 te
880 1286 1014 1352 tempora
1027 1294 1108 1334 revo-

108 1372 182 1446 cavi,
198 1374 237 1432 ad
252 1392 329 1449 quae
343 1383 374 1432 tu
383 1358 419 1432 te
433 1372 497 1449 ipse
512 1393 649 1433 servaras.
691 1384 760 1449 pete
774 1372 861 1451 igitur
874 1393 942 1433 eum
956 1372 1106 1448 magistra·

109 1480 182 1541 tum,
197 1468 228 1528 in
243 1489 304 1547 quo
325 1469 398 1529 mihi
418 1489 542 1546 magnae
563 1469 681 1554 utilitati
701 1490 766 1530 esse
787 1468 882 1546 possis
887 1493 896 1545 ;
919 1470 1030 1529 aediles
1044 1467 1106 1544 qui-

110 1586 238 1643 cumque
259 1579 353 1641 erunt,
368 1567 467 1628 eidem
488 1566 561 1627 mihi
582 1579 650 1628 sunt
670 1567 733 1627 ludi
753 1567 846 1644 parati
852 1589 861 1641 3
881 1565 990 1627 tribuni
1011 1565 1106 1643 plebis

108 1660 261 1741 permagni
281 1663 402 1726 interest
422 1664 473 1742 qui
493 1664 559 1724 sint.
596 1673 662 1740 'qua
687 1682 719 1723 re
741 1674 793 1724 aut
818 1664 910 1724 redde
932 1661 1005 1723 mihi
1024 1662 1107 1739 quod
1121 1651 1145 1727 {s

110 1762 289 1834 ostenderas,
301 1772 352 1820 aut
366 1760 399 1834 si,
411 1763 493 1838 quod
507 1781 574 1822 mea
587 1761 686 1821 minus
700 1759 828 1835 interest,
838 1761 870 1822 id
884 1771 913 1821 te
926 1759 1019 1837 magis
1031 1761 1108 1818 forte

111 1857 246 1930 delectat,
258 1858 382 1918 reddam
396 1857 450 1917 tibi
464 1857 550 1917 istam
565 1857 745 1918 aedilitatem
756 1857 845 1917 etiam
856 1859 1046 1934 neglegenter
1058 1875 1108 1931 pe·

110 1953 197 2013 tenti:
219 1956 272 2014 sed
287 1954 485 2031 amplissimos
504 1957 632 2015 honores
651 1965 684 2014 ut
702 1973 757 2031 pro
776 1955 918 2030 dignitate
938 1965 989 2013 tua
1007 1970 1108 2011 conse-

110 2068 208 2126 quare,
224 2041 379 2110 condiscas
398 2070 507 2111 censeo
526 2051 598 2110 mihi
615 2052 716 2127 paullo
735 2051 904 2128 diligentius
922 2050 1105 2126 supplicare)

59 2154 97 2210 14
111 2146 156 2203 VI
185 2146 260 2204 haec
287 2146 390 2222 populi
420 2146 513 2206 oratio
542 2158 594 2220 est,
620 2166 687 2206 mea
713 2166 792 2219 vero,
822 2147 998 2219 Laterensis,
1019 2146 1107 2204 haec:
1122 2178 1147 2205 κο

111 2262 171 2320 qua
194 2241 341 2301 revictus
362 2242 401 2302 sis
422 2262 483 2303 non
505 2243 613 2303 debere
634 2242 934 2318 iudicem‘quaerere,
956 2243 1048 2303 modo
1069 2263 1108 2303 ne

110 2337 262 2415 largitione
286 2338 326 2398 sis
347 2338 450 2398 victus
500 2358 570 2398 nam
598 2339 623 2398 si
644 2339 910 2416 quotienscumque
936 2338 1108 2416 praeteritus

111 2435 166 2495 erit
186 2434 219 2506 is,
241 2433 293 2510 qui
314 2453 376 2492 non
397 2434 532 2495 debuerit
552 2435 709 2511 praeteriri,
731 2435 840 2494 totiens
862 2436 1010 2512 oportebit
1030 2457 1107 2511 eum,

112 2530 163 2608 qui
176 2532 270 2590 factus
288 2529 351 2602 erit,
366 2531 568 2603 condemnari,
583 2531 656 2589 nihil
670 2541 715 2591 est
733 2530 792 2590 iam
811 2534 893 2607 quod
911 2533 1023 2609 populo
1040 2553 1107 2610 sup-

111 2629 243 2706 plicetur,
254 2627 328 2687 nihil
340 2630 422 2703 quod
435 2627 566 2688 diribitio
580 2626 793 2704 suffragiorum,
807 2627 880 2686 nihil
891 2629 972 2704 quod
987 2625 1107 2708 [suppli-
1122 2654 1146 2692 25

112 2727 191 2787 catio
210 2721 454 2804 magistratuum]
476 2722 654 2784 renuntiatio
676 2734 877 2799 exspectetur:
900 2724 988 2784 simul
1004 2736 1037 2784 ut
1057 2725 1108 2802 qui

112 2821 170 2881 sint
193 2818 316 2897 professi
339 2817 450 2890 videro,
474 2819 589 2879 dicam:
616 2817 666 2876 hic
689 2818 799 2877 familia
820 2820 966 2879 consulari
988 2833 1040 2897 est,
1060 2823 1108 2881 ille

112 2916 273 2994 praetoria:
294 2913 424 2992 reliquos
436 2914 524 2975 video
544 2933 608 2974 esse
623 2932 659 2973 ex
673 2913 801 2989 equestri
820 2915 901 2975 loco:
922 2927 990 2975 sunt
1004 2936 1108 2978 omnes

113 3015 176 3074 sine
194 3015 318 3084 macula,
334 3022 403 3071 sunt
422 3030 516 3087 aeque
536 3010 607 3070 boni
621 3010 674 3070 viri
691 3020 782 3087 atque
803 3011 916 3089 integri,
931 3015 985 3073 sed
1002 3016 1109 3075 servari

113 3129 234 3169 necesse
253 3120 298 3169 est
317 3109 440 3186 gradus:
468 3109 557 3168 cedat
577 3107 722 3167 consulari
743 3108 843 3184 generi
860 3109 1047 3186 praetorium,
1069 3131 1107 3172 ne
1124 3133 1148 3170 30

63 3204 99 3262 15
114 3206 276 3264 contendat
298 3224 368 3263 cum
391 3204 538 3281 praetorio
560 3205 681 3264 nomine
705 3216 841 3280 equester
860 3207 950 3267 locus
994 3209 1110 3268 sublata

115 3309 183 3358 sunt
205 3298 311 3370 studia,
332 3299 492 3358 exstinctae
517 3299 747 3374 suffragationes,
769 3301 868 3360 nullae
892 3302 1107 3377 contentiones,

115 3395 195 3455 nulla
214 3392 333 3452 libertas
352 3393 456 3469 populi
473 3392 504 3453 in
524 3393 701 3455 mandandis
721 3394 946 3472 magistratibus,
961 3398 1043 3460 nulla
1060 3417 1108 3458 ex-
