<?xml version="1.0" encoding="UTF-8"?>
<!DOCTYPE html PUBLIC "-//W3C//DTD XHTML 1.0 Transitional//EN"
    "http://www.w3.org/TR/xhtml1/DTD/xhtml1-transitional.dtd">
<html xmlns="http://www.w3.org/1999/xhtml" xml:lang="en" lang="en">
 <head>
  <title>
</title>
<meta http-equiv="Content-Type" content="text/html;charset=utf-8" />
  <meta name='ocr-system' content='tesseract 3.04.00' />
  <meta name='ocr-capabilities' content='ocr_page ocr_carea ocr_par ocr_line ocrx_word'/>
</head>
<body>
  <div class='ocr_page' id='page_1' title='image "./mtvlliciceronis01holdgoog/mtvlliciceronis01holdgoog_0078.png"; bbox 0 0 2406 3788; ppageno 0'>
   <div class='ocr_carea' id='block_1_1' title="bbox 95 195 1196 281">
    <p class='ocr_par' dir='ltr' id='par_1_1' title="bbox 95 195 1196 281">
     <span class='ocr_line' id='line_1_1' title="bbox 95 195 1196 281; baseline 0.006 -21"><span class='ocrx_word' id='word_1_1' title='bbox 95 195 258 281; x_wconf 78' lang='lat' dir='ltr'>··1x23]</span> <span class='ocrx_word' id='word_1_2' title='bbox 339 201 430 262; x_wconf 73' lang='lat' dir='ltr'>pao</span> <span class='ocrx_word' id='word_1_3' title='bbox 459 201 525 261; x_wconf 74' lang='lat' dir='ltr'>cru.</span> <span class='ocrx_word' id='word_1_4' title='bbox 546 195 747 263; x_wconf 66' lang='lat' dir='ltr'>paruero</span> <span class='ocrx_word' id='word_1_5' title='bbox 777 196 945 264; x_wconf 78' lang='lat' dir='ltr'>onArro</span> <span class='ocrx_word' id='word_1_6' title='bbox 1122 221 1140 278; x_wconf 84' lang='lat'>9</span> <span class='ocrx_word' id='word_1_7' title='bbox 1193 260 1196 267; x_wconf 85' lang='lat'>.</span> 
     </span>
    </p>
   </div>
   <div class='ocr_carea' id='block_1_2' title="bbox 101 330 1191 2729">
    <p class='ocr_par' dir='ltr' id='par_1_2' title="bbox 101 330 1191 2729">
     <span class='ocr_line' id='line_1_2' title="bbox 143 330 1140 413; baseline 0.004 -21"><span class='ocrx_word' id='word_1_8' title='bbox 143 330 226 393; x_wconf 91' lang='lat' dir='ltr'>omni</span> <span class='ocrx_word' id='word_1_9' title='bbox 239 331 347 393; x_wconf 87' lang='lat' dir='ltr'>virtute</span> <span class='ocrx_word' id='word_1_10' title='bbox 359 331 500 410; x_wconf 87' lang='lat' dir='ltr'>principe,</span> <span class='ocrx_word' id='word_1_11' title='bbox 515 352 587 393; x_wconf 90' lang='lat' dir='ltr'>num</span> <span class='ocrx_word' id='word_1_12' title='bbox 601 334 640 394; x_wconf 91' lang='lat' dir='ltr'>de</span> <span class='ocrx_word' id='word_1_13' title='bbox 654 332 700 394; x_wconf 89' lang='lat' dir='ltr'>Ti.</span> <span class='ocrx_word' id='word_1_14' title='bbox 712 335 900 395; x_wconf 73' lang='lat' dir='ltr'>Coruncanio</span> <span class='ocrx_word' id='word_1_15' title='bbox 914 334 1063 413; x_wconf 83' lang='lat' dir='ltr'>municipe</span> <span class='ocrx_word' id='word_1_16' title='bbox 1077 351 1140 410; x_wconf 88' lang='lat' dir='ltr'>suo,</span> 
     </span>
     <span class='ocr_line' id='line_1_3' title="bbox 142 424 1142 508; baseline 0.004 -20"><span class='ocrx_word' id='word_1_17' title='bbox 142 448 215 488; x_wconf 90' lang='lat' dir='ltr'>num</span> <span class='ocrx_word' id='word_1_18' title='bbox 230 429 269 490; x_wconf 88' lang='lat' dir='ltr'>de</span> <span class='ocrx_word' id='word_1_19' title='bbox 282 424 328 488; x_wconf 81' lang='lat' dir='ltr'>tot</span> <span class='ocrx_word' id='word_1_20' title='bbox 338 427 448 489; x_wconf 88' lang='lat' dir='ltr'>Fulviis</span> <span class='ocrx_word' id='word_1_21' title='bbox 461 428 595 507; x_wconf 87' lang='lat' dir='ltr'>gloriari?</span> <span class='ocrx_word' id='word_1_22' title='bbox 614 432 737 490; x_wconf 92' lang='lat' dir='ltr'>verbum</span> <span class='ocrx_word' id='word_1_23' title='bbox 751 449 841 490; x_wconf 91' lang='lat' dir='ltr'>nemo</span> <span class='ocrx_word' id='word_1_24' title='bbox 852 430 930 491; x_wconf 90' lang='lat' dir='ltr'>facit.</span> <span class='ocrx_word' id='word_1_25' title='bbox 959 442 989 492; x_wconf 92' lang='lat' dir='ltr'>at</span> <span class='ocrx_word' id='word_1_26' title='bbox 1000 430 1030 489; x_wconf 93' lang='lat' dir='ltr'>in</span> <span class='ocrx_word' id='word_1_27' title='bbox 1042 447 1142 508; x_wconf 90' lang='lat' dir='ltr'>quem-</span> 
     </span>
     <span class='ocr_line' id='line_1_4' title="bbox 143 522 1141 600; baseline 0.006 -18"><span class='ocrx_word' id='word_1_28' title='bbox 143 534 272 600; x_wconf 86' lang='lat' dir='ltr'>cumque</span> <span class='ocrx_word' id='word_1_29' title='bbox 286 522 460 600; x_wconf 81' lang='lat' dir='ltr'><strong>Arpinatem</strong></span> <span class='ocrx_word' id='word_1_30' title='bbox 478 523 625 598; x_wconf 90' lang='lat' dir='ltr'>incideris,</span> <span class='ocrx_word' id='word_1_31' title='bbox 646 524 735 584; x_wconf 89' lang='lat' dir='ltr'>etiarn</span> <span class='ocrx_word' id='word_1_32' title='bbox 755 525 780 585; x_wconf 93' lang='lat' dir='ltr'>si</span> <span class='ocrx_word' id='word_1_33' title='bbox 798 525 882 600; x_wconf 91' lang='lat' dir='ltr'>nolis,</span> <span class='ocrx_word' id='word_1_34' title='bbox 899 525 953 586; x_wconf 89' lang='lat' dir='ltr'>erit</span> <span class='ocrx_word' id='word_1_35' title='bbox 971 536 1071 586; x_wconf 86' lang='lat' dir='ltr'>tamen</span> <span class='ocrx_word' id='word_1_36' title='bbox 1088 528 1141 589; x_wconf 94' lang='lat' dir='ltr'>tibi</span> 
     </span>
     <span class='ocr_line' id='line_1_5' title="bbox 142 618 1142 698; baseline 0.008 -20"><span class='ocrx_word' id='word_1_37' title='bbox 142 621 265 680; x_wconf 87' lang='lat' dir='ltr'>fortasse</span> <span class='ocrx_word' id='word_1_38' title='bbox 286 619 377 679; x_wconf 91' lang='lat' dir='ltr'>etiam</span> <span class='ocrx_word' id='word_1_39' title='bbox 395 621 434 680; x_wconf 96' lang='lat' dir='ltr'>de</span> <span class='ocrx_word' id='word_1_40' title='bbox 453 620 541 681; x_wconf 92' lang='lat' dir='ltr'>nobis</span> <span class='ocrx_word' id='word_1_41' title='bbox 557 620 679 698; x_wconf 88' lang='lat' dir='ltr'>aliquid,</span> <span class='ocrx_word' id='word_1_42' title='bbox 696 623 750 683; x_wconf 91' lang='lat' dir='ltr'>sed</span> <span class='ocrx_word' id='word_1_43' title='bbox 770 634 850 684; x_wconf 90' lang='lat' dir='ltr'>certe</span> <span class='ocrx_word' id='word_1_44' title='bbox 870 625 909 684; x_wconf 91' lang='lat' dir='ltr'>de</span> <span class='ocrx_word' id='word_1_45' title='bbox 924 618 958 685; x_wconf 87' lang='lat' dir='ltr'>C.</span> <span class='ocrx_word' id='word_1_46' title='bbox 975 620 1072 685; x_wconf 89' lang='lat' dir='ltr'>Mario</span> <span class='ocrx_word' id='word_1_47' title='bbox 1092 645 1142 685; x_wconf 91' lang='lat' dir='ltr'>au·</span> 
     </span>
     <span class='ocr_line' id='line_1_6' title="bbox 118 712 1140 795; baseline 0.007 -22"><span class='ocrx_word' id='word_1_48' title='bbox 118 713 294 782; x_wconf 70' lang='lat' dir='ltr'>sdiendum.</span> <span class='ocrx_word' id='word_1_49' title='bbox 330 715 458 792; x_wconf 90' lang='lat' dir='ltr'>primum</span> <span class='ocrx_word' id='word_1_50' title='bbox 472 715 559 792; x_wconf 85' lang='lat' dir='ltr'>igitur</span> <span class='ocrx_word' id='word_1_51' title='bbox 571 717 621 776; x_wconf 92' lang='lat' dir='ltr'>hic</span> <span class='ocrx_word' id='word_1_52' title='bbox 635 718 738 778; x_wconf 88' lang='lat' dir='ltr'>habuit</span> <span class='ocrx_word' id='word_1_53' title='bbox 752 712 851 779; x_wconf 86' lang='lat' dir='ltr'>studia</span> <span class='ocrx_word' id='word_1_54' title='bbox 865 733 986 779; x_wconf 87' lang='lat' dir='ltr'>suorum</span> <span class='ocrx_word' id='word_1_55' title='bbox 997 718 1140 795; x_wconf 86' lang='lat' dir='ltr'>ardentia,</span> 
     </span>
     <span class='ocr_line' id='line_1_7' title="bbox 142 811 1141 895; baseline 0.007 -25"><span class='ocrx_word' id='word_1_56' title='bbox 142 821 174 870; x_wconf 92' lang='lat' dir='ltr'>tu</span> <span class='ocrx_word' id='word_1_57' title='bbox 193 822 285 884; x_wconf 88' lang='lat' dir='ltr'>tanta,</span> <span class='ocrx_word' id='word_1_58' title='bbox 302 822 413 888; x_wconf 91' lang='lat' dir='ltr'>quanta</span> <span class='ocrx_word' id='word_1_59' title='bbox 431 811 647 895; x_wconf 87' lang='lat' dir='ltr'>inhominibus</span> <span class='ocrx_word' id='word_1_60' title='bbox 667 815 727 874; x_wconf 90' lang='lat' dir='ltr'>iam</span> <span class='ocrx_word' id='word_1_61' title='bbox 747 814 883 875; x_wconf 90' lang='lat' dir='ltr'>saturatis</span> <span class='ocrx_word' id='word_1_62' title='bbox 897 814 1058 875; x_wconf 85' lang='lat' dir='ltr'>honoribus</span> <span class='ocrx_word' id='word_1_63' title='bbox 1076 835 1141 878; x_wconf 86' lang='lat' dir='ltr'>esse</span> 
     </span>
     <span class='ocr_line' id='line_1_8' title="bbox 141 908 1191 989; baseline 0.01 -21"><span class='ocrx_word' id='word_1_64' title='bbox 141 919 309 985; x_wconf 88' lang='lat' dir='ltr'>potuerunt.</span> <span class='ocrx_word' id='word_1_65' title='bbox 359 908 468 970; x_wconf 90' lang='lat' dir='ltr'>deinde</span> <span class='ocrx_word' id='word_1_66' title='bbox 489 909 533 969; x_wconf 92' lang='lat' dir='ltr'>tui</span> <span class='ocrx_word' id='word_1_67' title='bbox 554 910 718 988; x_wconf 88' lang='lat' dir='ltr'>municipes</span> <span class='ocrx_word' id='word_1_68' title='bbox 742 923 811 972; x_wconf 92' lang='lat' dir='ltr'>sunt</span> <span class='ocrx_word' id='word_1_69' title='bbox 833 911 875 970; x_wconf 93' lang='lat' dir='ltr'>illi</span> <span class='ocrx_word' id='word_1_70' title='bbox 897 911 1019 988; x_wconf 89' lang='lat' dir='ltr'>quidem</span> <span class='ocrx_word' id='word_1_71' title='bbox 1046 913 1141 989; x_wconf 93' lang='lat' dir='ltr'>splen·</span> <span class='ocrx_word' id='word_1_72' title='bbox 1154 919 1191 978; x_wconf 87' lang='lat'>21</span> 
     </span>
     <span class='ocr_line' id='line_1_9' title="bbox 142 1004 1142 1086; baseline 0.005 -21"><span class='ocrx_word' id='word_1_73' title='bbox 142 1004 288 1066; x_wconf 92' lang='lat' dir='ltr'>didissimi</span> <span class='ocrx_word' id='word_1_74' title='bbox 302 1005 447 1080; x_wconf 90' lang='lat' dir='ltr'>homines,</span> <span class='ocrx_word' id='word_1_75' title='bbox 463 1007 517 1067; x_wconf 92' lang='lat' dir='ltr'>sed</span> <span class='ocrx_word' id='word_1_76' title='bbox 531 1017 632 1068; x_wconf 91' lang='lat' dir='ltr'>tamen</span> <span class='ocrx_word' id='word_1_77' title='bbox 645 1007 742 1084; x_wconf 90' lang='lat' dir='ltr'>pauci,</span> <span class='ocrx_word' id='word_1_78' title='bbox 757 1008 782 1068; x_wconf 91' lang='lat' dir='ltr'>si</span> <span class='ocrx_word' id='word_1_79' title='bbox 798 1007 920 1086; x_wconf 91' lang='lat' dir='ltr'>quidem</span> <span class='ocrx_word' id='word_1_80' title='bbox 934 1029 1003 1068; x_wconf 91' lang='lat' dir='ltr'>cum</span> <span class='ocrx_word' id='word_1_81' title='bbox 1017 1009 1142 1070; x_wconf 90' lang='lat' dir='ltr'>Atinati·</span> 
     </span>
     <span class='ocr_line' id='line_1_10' title="bbox 140 1103 1141 1181; baseline 0.006 -19"><span class='ocrx_word' id='word_1_82' title='bbox 140 1103 196 1162; x_wconf 92' lang='lat' dir='ltr'>bus</span> <span class='ocrx_word' id='word_1_83' title='bbox 210 1103 415 1164; x_wconf 87' lang='lat' dir='ltr'>conferantur:</span> <span class='ocrx_word' id='word_1_84' title='bbox 429 1103 517 1164; x_wconf 91' lang='lat' dir='ltr'>huius</span> <span class='ocrx_word' id='word_1_85' title='bbox 530 1107 714 1181; x_wconf 81' lang='lat' dir='ltr'>praefectura</span> <span class='ocrx_word' id='word_1_86' title='bbox 727 1107 816 1181; x_wconf 89' lang='lat' dir='ltr'>plena</span> <span class='ocrx_word' id='word_1_87' title='bbox 829 1104 957 1166; x_wconf 90' lang='lat' dir='ltr'>virorum</span> <span class='ocrx_word' id='word_1_88' title='bbox 971 1106 1141 1168; x_wconf 85' lang='lat' dir='ltr'>fortissimo·</span> 
     </span>
     <span class='ocr_line' id='line_1_11' title="bbox 104 1198 1140 1278; baseline 0.009 -25"><span class='ocrx_word' id='word_1_89' title='bbox 104 1226 128 1253; x_wconf 75' lang='grc' dir='ltr'>ιο</span> <span class='ocrx_word' id='word_1_90' title='bbox 141 1217 206 1256; x_wconf 93' lang='lat' dir='ltr'>rum</span> <span class='ocrx_word' id='word_1_91' title='bbox 219 1209 273 1273; x_wconf 90' lang='lat' dir='ltr'>est,</span> <span class='ocrx_word' id='word_1_92' title='bbox 285 1199 328 1258; x_wconf 90' lang='lat' dir='ltr'>sic</span> <span class='ocrx_word' id='word_1_93' title='bbox 341 1210 374 1258; x_wconf 92' lang='lat' dir='ltr'>ut</span> <span class='ocrx_word' id='word_1_94' title='bbox 388 1201 470 1259; x_wconf 91' lang='lat' dir='ltr'>nulla</span> <span class='ocrx_word' id='word_1_95' title='bbox 483 1211 547 1260; x_wconf 89' lang='lat' dir='ltr'>tota</span> <span class='ocrx_word' id='word_1_96' title='bbox 561 1198 648 1259; x_wconf 83' lang='lat' dir='ltr'>Italia</span> <span class='ocrx_word' id='word_1_97' title='bbox 661 1200 842 1277; x_wconf 83' lang='lat' dir='ltr'>frequentior</span> <span class='ocrx_word' id='word_1_98' title='bbox 855 1200 914 1260; x_wconf 89' lang='lat' dir='ltr'>dici</span> <span class='ocrx_word' id='word_1_99' title='bbox 928 1201 1021 1278; x_wconf 91' lang='lat' dir='ltr'>possit</span> <span class='ocrx_word' id='word_1_100' title='bbox 1026 1223 1036 1276; x_wconf 84' lang='lat'>3·</span> <span class='ocrx_word' id='word_1_101' title='bbox 1049 1219 1140 1275; x_wconf 91' lang='lat' dir='ltr'>quarn</span> 
     </span>
     <span class='ocr_line' id='line_1_12' title="bbox 140 1293 1140 1375; baseline 0.007 -22"><span class='ocrx_word' id='word_1_102' title='bbox 140 1293 261 1371; x_wconf 91' lang='lat' dir='ltr'>quidem</span> <span class='ocrx_word' id='word_1_103' title='bbox 282 1315 363 1355; x_wconf 90' lang='lat' dir='ltr'>nunc</span> <span class='ocrx_word' id='word_1_104' title='bbox 383 1294 604 1356; x_wconf 89' lang='lat' dir='ltr'>multitudinem</span> <span class='ocrx_word' id='word_1_105' title='bbox 623 1295 739 1370; x_wconf 88' lang='lat' dir='ltr'>videtis,</span> <span class='ocrx_word' id='word_1_106' title='bbox 760 1297 883 1370; x_wconf 91' lang='lat' dir='ltr'>iudices,</span> <span class='ocrx_word' id='word_1_107' title='bbox 901 1297 933 1357; x_wconf 95' lang='lat' dir='ltr'>in</span> <span class='ocrx_word' id='word_1_108' title='bbox 954 1301 1089 1375; x_wconf 85' lang='lat' dir='ltr'>squalore</span> <span class='ocrx_word' id='word_1_109' title='bbox 1110 1311 1140 1360; x_wconf 89' lang='lat' dir='ltr'>et</span> 
     </span>
     <span class='ocr_line' id='line_1_13' title="bbox 139 1393 1139 1472; baseline 0.005 -20"><span class='ocrx_word' id='word_1_110' title='bbox 139 1393 221 1453; x_wconf 91' lang='lat' dir='ltr'>luctu</span> <span class='ocrx_word' id='word_1_111' title='bbox 242 1393 406 1471; x_wconf 85' lang='lat' dir='ltr'>supplicem</span> <span class='ocrx_word' id='word_1_112' title='bbox 427 1394 520 1455; x_wconf 91' lang='lat' dir='ltr'>vobis.</span> <span class='ocrx_word' id='word_1_113' title='bbox 562 1393 594 1454; x_wconf 90' lang='lat' dir='ltr'>hi</span> <span class='ocrx_word' id='word_1_114' title='bbox 614 1405 659 1455; x_wconf 89' lang='lat' dir='ltr'>tot</span> <span class='ocrx_word' id='word_1_115' title='bbox 680 1394 794 1472; x_wconf 88' lang='lat' dir='ltr'>equites</span> <span class='ocrx_word' id='word_1_116' title='bbox 809 1395 949 1469; x_wconf 91' lang='lat' dir='ltr'>Romani,</span> <span class='ocrx_word' id='word_1_117' title='bbox 965 1406 1010 1456; x_wconf 87' lang='lat' dir='ltr'>tot</span> <span class='ocrx_word' id='word_1_118' title='bbox 1030 1397 1139 1457; x_wconf 92' lang='lat' dir='ltr'>tribuni</span> 
     </span>
     <span class='ocr_line' id='line_1_14' title="bbox 140 1491 1140 1570; baseline 0.003 -19"><span class='ocrx_word' id='word_1_119' title='bbox 140 1491 352 1552; x_wconf 81' lang='lat' dir='ltr'>aerarii-nam</span> <span class='ocrx_word' id='word_1_120' title='bbox 372 1494 490 1570; x_wconf 91' lang='lat' dir='ltr'>plebem</span> <span class='ocrx_word' id='word_1_121' title='bbox 509 1513 527 1552; x_wconf 89' lang='lat' dir='ltr'>a</span> <span class='ocrx_word' id='word_1_122' title='bbox 545 1492 657 1554; x_wconf 92' lang='lat' dir='ltr'>iudicio</span> <span class='ocrx_word' id='word_1_123' title='bbox 675 1493 850 1567; x_wconf 83' lang='lat' dir='ltr'>dimisimus,</span> <span class='ocrx_word' id='word_1_124' title='bbox 865 1513 942 1570; x_wconf 89' lang='lat' dir='ltr'>quae</span> <span class='ocrx_word' id='word_1_125' title='bbox 963 1505 1072 1554; x_wconf 92' lang='lat' dir='ltr'>cuncta</span> <span class='ocrx_word' id='word_1_126' title='bbox 1092 1513 1140 1554; x_wconf 91' lang='lat' dir='ltr'>co·</span> 
     </span>
     <span class='ocr_line' id='line_1_15' title="bbox 139 1588 1139 1667; baseline 0 -19"><span class='ocrx_word' id='word_1_127' title='bbox 139 1588 229 1648; x_wconf 90' lang='lat' dir='ltr'>mitiis</span> <span class='ocrx_word' id='word_1_128' title='bbox 247 1589 389 1664; x_wconf 89' lang='lat' dir='ltr'>adfuit-,</span> <span class='ocrx_word' id='word_1_129' title='bbox 406 1589 480 1667; x_wconf 90' lang='lat' dir='ltr'>quid</span> <span class='ocrx_word' id='word_1_130' title='bbox 500 1589 621 1665; x_wconf 91' lang='lat' dir='ltr'>roboris,</span> <span class='ocrx_word' id='word_1_131' title='bbox 638 1589 711 1666; x_wconf 94' lang='lat' dir='ltr'>quid</span> <span class='ocrx_word' id='word_1_132' title='bbox 728 1589 878 1666; x_wconf 86' lang='lat' dir='ltr'>dignitatis</span> <span class='ocrx_word' id='word_1_133' title='bbox 898 1589 984 1649; x_wconf 91' lang='lat' dir='ltr'>huius</span> <span class='ocrx_word' id='word_1_134' title='bbox 1002 1588 1139 1665; x_wconf 91' lang='lat' dir='ltr'>petitioni</span> 
     </span>
     <span class='ocr_line' id='line_1_16' title="bbox 104 1684 1138 1761; baseline 0.003 -19"><span class='ocrx_word' id='word_1_135' title='bbox 104 1686 323 1751; x_wconf 76' lang='lat' dir='ltr'>15attulerunt?</span> <span class='ocrx_word' id='word_1_136' title='bbox 353 1705 414 1744; x_wconf 92' lang='lat' dir='ltr'>non</span> <span class='ocrx_word' id='word_1_137' title='bbox 430 1684 510 1744; x_wconf 89' lang='lat' dir='ltr'>enim</span> <span class='ocrx_word' id='word_1_138' title='bbox 524 1684 635 1744; x_wconf 90' lang='lat' dir='ltr'>tribum</span> <span class='ocrx_word' id='word_1_139' title='bbox 648 1685 828 1757; x_wconf 87' lang='lat' dir='ltr'>Teretinam,</span> <span class='ocrx_word' id='word_1_140' title='bbox 841 1686 880 1744; x_wconf 94' lang='lat' dir='ltr'>de</span> <span class='ocrx_word' id='word_1_141' title='bbox 895 1704 953 1761; x_wconf 90' lang='lat' dir='ltr'>qua</span> <span class='ocrx_word' id='word_1_142' title='bbox 966 1684 1065 1744; x_wconf 88' lang='lat' dir='ltr'>dicam</span> <span class='ocrx_word' id='word_1_143' title='bbox 1079 1685 1138 1745; x_wconf 91' lang='lat' dir='ltr'>alio</span> 
     </span>
     <span class='ocr_line' id='line_1_17' title="bbox 139 1780 1139 1858; baseline 0.003 -21"><span class='ocrx_word' id='word_1_144' title='bbox 139 1781 216 1851; x_wconf 91' lang='lat' dir='ltr'>loco,</span> <span class='ocrx_word' id='word_1_145' title='bbox 232 1783 285 1841; x_wconf 92' lang='lat' dir='ltr'>sed</span> <span class='ocrx_word' id='word_1_146' title='bbox 307 1780 489 1858; x_wconf 88' lang='lat' dir='ltr'>dignitatern,</span> <span class='ocrx_word' id='word_1_147' title='bbox 505 1782 558 1841; x_wconf 91' lang='lat' dir='ltr'>sed</span> <span class='ocrx_word' id='word_1_148' title='bbox 575 1782 728 1841; x_wconf 89' lang='lat' dir='ltr'>oculorum</span> <span class='ocrx_word' id='word_1_149' title='bbox 748 1780 926 1854; x_wconf 91' lang='lat' dir='ltr'>coniectum,</span> <span class='ocrx_word' id='word_1_150' title='bbox 940 1780 994 1840; x_wconf 92' lang='lat' dir='ltr'>sed</span> <span class='ocrx_word' id='word_1_151' title='bbox 1013 1780 1139 1841; x_wconf 89' lang='lat' dir='ltr'>solidam</span> 
     </span>
     <span class='ocr_line' id='line_1_18' title="bbox 140 1876 1140 1954; baseline 0.002 -20"><span class='ocrx_word' id='word_1_152' title='bbox 140 1885 170 1935; x_wconf 85' lang='lat' dir='ltr'>et</span> <span class='ocrx_word' id='word_1_153' title='bbox 189 1877 344 1935; x_wconf 86' lang='lat' dir='ltr'>robustam</span> <span class='ocrx_word' id='word_1_154' title='bbox 361 1886 390 1936; x_wconf 93' lang='lat' dir='ltr'>et</span> <span class='ocrx_word' id='word_1_155' title='bbox 409 1876 563 1937; x_wconf 89' lang='lat' dir='ltr'>adsiduam</span> <span class='ocrx_word' id='word_1_156' title='bbox 582 1877 776 1954; x_wconf 83' lang='lat' dir='ltr'>frequentiam</span> <span class='ocrx_word' id='word_1_157' title='bbox 798 1878 1010 1953; x_wconf 82' lang='lat' dir='ltr'>praebuerunt:</span> <span class='ocrx_word' id='word_1_158' title='bbox 1038 1889 1140 1937; x_wconf 90' lang='lat' dir='ltr'>nostra</span> 
     </span>
     <span class='ocr_line' id='line_1_19' title="bbox 139 1971 1140 2048; baseline 0.003 -19"><span class='ocrx_word' id='word_1_159' title='bbox 139 1971 300 2048; x_wconf 88' lang='lat' dir='ltr'>municipia</span> <span class='ocrx_word' id='word_1_160' title='bbox 313 1971 523 2033; x_wconf 89' lang='lat' dir='ltr'>coniunctione</span> <span class='ocrx_word' id='word_1_161' title='bbox 543 1973 632 2033; x_wconf 90' lang='lat' dir='ltr'>etiarn</span> <span class='ocrx_word' id='word_1_162' title='bbox 646 1971 803 2032; x_wconf 88' lang='lat' dir='ltr'>vicinitatis</span> <span class='ocrx_word' id='word_1_163' title='bbox 818 1972 1007 2032; x_wconf 89' lang='lat' dir='ltr'>vehementer</span> <span class='ocrx_word' id='word_1_164' title='bbox 1020 1975 1140 2032; x_wconf 87' lang='lat' dir='ltr'>moven-</span> 
     </span>
     <span class='ocr_line' id='line_1_20' title="bbox 139 2067 1190 2146; baseline 0.002 -20"><span class='ocrx_word' id='word_1_165' title='bbox 139 2077 193 2127; x_wconf 90' lang='lat' dir='ltr'>tur.</span> <span class='ocrx_word' id='word_1_166' title='bbox 236 2071 284 2128; x_wconf 91' lang='lat' dir='ltr'>IX</span> <span class='ocrx_word' id='word_1_167' title='bbox 312 2070 422 2143; x_wconf 87' lang='lat' dir='ltr'>omnia,</span> <span class='ocrx_word' id='word_1_168' title='bbox 446 2089 522 2146; x_wconf 90' lang='lat' dir='ltr'>quae</span> <span class='ocrx_word' id='word_1_169' title='bbox 547 2068 616 2129; x_wconf 90' lang='lat' dir='ltr'>dico</span> <span class='ocrx_word' id='word_1_170' title='bbox 640 2070 679 2129; x_wconf 95' lang='lat' dir='ltr'>de</span> <span class='ocrx_word' id='word_1_171' title='bbox 701 2067 832 2141; x_wconf 91' lang='lat' dir='ltr'>Planci0,</span> <span class='ocrx_word' id='word_1_172' title='bbox 853 2068 923 2128; x_wconf 92' lang='lat' dir='ltr'>dico</span> <span class='ocrx_word' id='word_1_173' title='bbox 945 2079 1080 2144; x_wconf 87' lang='lat' dir='ltr'>expertus</span> <span class='ocrx_word' id='word_1_174' title='bbox 1107 2068 1138 2127; x_wconf 93' lang='lat' dir='ltr'>in</span> <span class='ocrx_word' id='word_1_175' title='bbox 1152 2069 1190 2128; x_wconf 82' lang='lat'>22</span> 
     </span>
     <span class='ocr_line' id='line_1_21' title="bbox 101 2164 1139 2241; baseline 0.003 -19"><span class='ocrx_word' id='word_1_176' title='bbox 101 2196 126 2223; x_wconf 57' lang='grc' dir='ltr'>,ο</span> <span class='ocrx_word' id='word_1_177' title='bbox 139 2165 225 2226; x_wconf 93' lang='lat' dir='ltr'>nobis</span> <span class='ocrx_word' id='word_1_178' title='bbox 234 2188 244 2241; x_wconf 78' lang='lat'><em>3</em></span> <span class='ocrx_word' id='word_1_179' title='bbox 267 2185 369 2226; x_wconf 91' lang='lat' dir='ltr'>sumus</span> <span class='ocrx_word' id='word_1_180' title='bbox 397 2165 477 2227; x_wconf 85' lang='lat' dir='ltr'>eninr</span> <span class='ocrx_word' id='word_1_181' title='bbox 500 2164 617 2226; x_wconf 89' lang='lat' dir='ltr'>finitimi</span> <span class='ocrx_word' id='word_1_182' title='bbox 636 2165 813 2226; x_wconf 86' lang='lat' dir='ltr'>Atinatibus.</span> <span class='ocrx_word' id='word_1_183' title='bbox 858 2166 1007 2226; x_wconf 86' lang='lat' dir='ltr'>laudanda</span> <span class='ocrx_word' id='word_1_184' title='bbox 1026 2176 1071 2226; x_wconf 91' lang='lat' dir='ltr'>est</span> <span class='ocrx_word' id='word_1_185' title='bbox 1091 2169 1139 2226; x_wconf 92' lang='lat' dir='ltr'>vel</span> 
     </span>
     <span class='ocr_line' id='line_1_22' title="bbox 139 2262 1139 2337; baseline 0 -14"><span class='ocrx_word' id='word_1_186' title='bbox 139 2263 228 2323; x_wconf 86' lang='lat' dir='ltr'>etiam</span> <span class='ocrx_word' id='word_1_187' title='bbox 246 2264 376 2324; x_wconf 88' lang='lat' dir='ltr'>amanda</span> <span class='ocrx_word' id='word_1_188' title='bbox 389 2264 532 2337; x_wconf 89' lang='lat' dir='ltr'>vicinitas,</span> <span class='ocrx_word' id='word_1_189' title='bbox 551 2262 681 2324; x_wconf 88' lang='lat' dir='ltr'>retinens</span> <span class='ocrx_word' id='word_1_190' title='bbox 700 2275 830 2324; x_wconf 88' lang='lat' dir='ltr'>veterem</span> <span class='ocrx_word' id='word_1_191' title='bbox 847 2263 928 2322; x_wconf 88' lang='lat' dir='ltr'>illam</span> <span class='ocrx_word' id='word_1_192' title='bbox 945 2263 1035 2323; x_wconf 91' lang='lat' dir='ltr'>officii</span> <span class='ocrx_word' id='word_1_193' title='bbox 1052 2263 1139 2324; x_wconf 91' lang='lat' dir='ltr'>ratio·</span> 
     </span>
     <span class='ocr_line' id='line_1_23' title="bbox 137 2359 1138 2433; baseline -0.001 -13"><span class='ocrx_word' id='word_1_194' title='bbox 137 2379 216 2432; x_wconf 91' lang='lat' dir='ltr'>nem,</span> <span class='ocrx_word' id='word_1_195' title='bbox 228 2381 290 2421; x_wconf 92' lang='lat' dir='ltr'>non</span> <span class='ocrx_word' id='word_1_196' title='bbox 301 2360 444 2421; x_wconf 90' lang='lat' dir='ltr'>infuscata</span> <span class='ocrx_word' id='word_1_197' title='bbox 455 2359 671 2433; x_wconf 91' lang='lat' dir='ltr'>malevolentia,</span> <span class='ocrx_word' id='word_1_198' title='bbox 681 2379 748 2419; x_wconf 49' lang='lat' dir='ltr'>non*</span> <span class='ocrx_word' id='word_1_199' title='bbox 758 2363 881 2421; x_wconf 90' lang='lat' dir='ltr'>adsueta</span> <span class='ocrx_word' id='word_1_200' title='bbox 894 2359 1065 2433; x_wconf 89' lang='lat' dir='ltr'>mendaciis,</span> <span class='ocrx_word' id='word_1_201' title='bbox 1076 2379 1138 2420; x_wconf 92' lang='lat' dir='ltr'>non</span> 
     </span>
     <span class='ocr_line' id='line_1_24' title="bbox 137 2457 1138 2533; baseline -0.002 -15"><span class='ocrx_word' id='word_1_202' title='bbox 137 2460 247 2530; x_wconf 86' lang='lat' dir='ltr'>fucosa,</span> <span class='ocrx_word' id='word_1_203' title='bbox 262 2476 325 2517; x_wconf 92' lang='lat' dir='ltr'>non</span> <span class='ocrx_word' id='word_1_204' title='bbox 339 2457 434 2533; x_wconf 86' lang='lat' dir='ltr'>fallax,</span> <span class='ocrx_word' id='word_1_205' title='bbox 452 2477 513 2517; x_wconf 93' lang='lat' dir='ltr'>non</span> <span class='ocrx_word' id='word_1_206' title='bbox 528 2457 643 2518; x_wconf 90' lang='lat' dir='ltr'>erudita</span> <span class='ocrx_word' id='word_1_207' title='bbox 663 2458 785 2518; x_wconf 87' lang='lat' dir='ltr'>artificio</span> <span class='ocrx_word' id='word_1_208' title='bbox 803 2457 997 2518; x_wconf 88' lang='lat' dir='ltr'>simulationis</span> <span class='ocrx_word' id='word_1_209' title='bbox 1011 2458 1058 2517; x_wconf 90' lang='lat' dir='ltr'>vel</span> <span class='ocrx_word' id='word_1_210' title='bbox 1072 2459 1138 2517; x_wconf 92' lang='lat' dir='ltr'>sub-</span> 
     </span>
     <span class='ocr_line' id='line_1_25' title="bbox 137 2552 1137 2629; baseline -0.003 -15"><span class='ocrx_word' id='word_1_211' title='bbox 137 2557 251 2615; x_wconf 94' lang='lat' dir='ltr'>urbano</span> <span class='ocrx_word' id='word_1_212' title='bbox 264 2554 311 2616; x_wconf 85' lang='lat' dir='ltr'>vel</span> <span class='ocrx_word' id='word_1_213' title='bbox 333 2553 422 2614; x_wconf 88' lang='lat' dir='ltr'>etiam</span> <span class='ocrx_word' id='word_1_214' title='bbox 442 2556 563 2614; x_wconf 91' lang='lat' dir='ltr'>urbano.</span> <span class='ocrx_word' id='word_1_215' title='bbox 606 2573 697 2614; x_wconf 90' lang='lat' dir='ltr'>nemo</span> <span class='ocrx_word' id='word_1_216' title='bbox 712 2554 838 2629; x_wconf 91' lang='lat' dir='ltr'>Arpinas</span> <span class='ocrx_word' id='word_1_217' title='bbox 859 2575 921 2616; x_wconf 94' lang='lat' dir='ltr'>non</span> <span class='ocrx_word' id='word_1_218' title='bbox 936 2552 1058 2612; x_wconf 91' lang='lat' dir='ltr'>Plancio</span> <span class='ocrx_word' id='word_1_219' title='bbox 1079 2563 1137 2612; x_wconf 92' lang='lat' dir='ltr'>stu·</span> 
     </span>
     <span class='ocr_line' id='line_1_26' title="bbox 101 2650 1136 2729; baseline 0.002 -19"><span class='ocrx_word' id='word_1_220' title='bbox 101 2684 125 2720; x_wconf 82' lang='lat'>25</span> <span class='ocrx_word' id='word_1_221' title='bbox 137 2652 210 2726; x_wconf 92' lang='lat' dir='ltr'>duit,</span> <span class='ocrx_word' id='word_1_222' title='bbox 226 2670 316 2712; x_wconf 88' lang='lat' dir='ltr'>nemo</span> <span class='ocrx_word' id='word_1_223' title='bbox 332 2653 469 2724; x_wconf 91' lang='lat' dir='ltr'>Soranus,</span> <span class='ocrx_word' id='word_1_224' title='bbox 484 2671 575 2710; x_wconf 91' lang='lat' dir='ltr'>nemo</span> <span class='ocrx_word' id='word_1_225' title='bbox 589 2650 723 2724; x_wconf 90' lang='lat' dir='ltr'>Casinas,</span> <span class='ocrx_word' id='word_1_226' title='bbox 738 2671 827 2712; x_wconf 91' lang='lat' dir='ltr'>nemo</span> <span class='ocrx_word' id='word_1_227' title='bbox 841 2651 982 2729; x_wconf 88' lang='lat' dir='ltr'>Aquinas.</span> <span class='ocrx_word' id='word_1_228' title='bbox 1026 2662 1136 2712; x_wconf 88' lang='lat' dir='ltr'>tractus</span> 
     </span>
    </p>
   </div>
   <div class='ocr_carea' id='block_1_3' title="bbox 136 2746 1137 2915">
    <p class='ocr_par' dir='ltr' id='par_1_3' title="bbox 136 2746 1137 2915">
     <span class='ocr_line' id='line_1_27' title="bbox 136 2746 1137 2822; baseline 0 -16"><span class='ocrx_word' id='word_1_229' title='bbox 136 2747 186 2806; x_wconf 93' lang='lat' dir='ltr'>ille</span> <span class='ocrx_word' id='word_1_230' title='bbox 207 2746 423 2819; x_wconf 91' lang='lat' dir='ltr'>celeberrimus,</span> <span class='ocrx_word' id='word_1_231' title='bbox 437 2747 632 2819; x_wconf 77' lang='lat' dir='ltr'>VenafranuS‚</span> <span class='ocrx_word' id='word_1_232' title='bbox 647 2748 800 2818; x_wconf 91' lang='lat' dir='ltr'>Allifanus,</span> <span class='ocrx_word' id='word_1_233' title='bbox 816 2757 879 2806; x_wconf 89' lang='lat' dir='ltr'>tota</span> <span class='ocrx_word' id='word_1_234' title='bbox 893 2746 1022 2822; x_wconf 91' lang='lat' dir='ltr'>denique</span> <span class='ocrx_word' id='word_1_235' title='bbox 1037 2758 1137 2806; x_wconf 90' lang='lat' dir='ltr'>nostra</span> 
     </span>
     <span class='ocr_line' id='line_1_28' title="bbox 136 2837 1137 2915; baseline 0 -17"><span class='ocrx_word' id='word_1_236' title='bbox 136 2839 188 2899; x_wconf 91' lang='lat' dir='ltr'>illa</span> <span class='ocrx_word' id='word_1_237' title='bbox 204 2858 309 2914; x_wconf 88' lang='lat' dir='ltr'>aspera</span> <span class='ocrx_word' id='word_1_238' title='bbox 329 2849 359 2899; x_wconf 92' lang='lat' dir='ltr'>et</span> <span class='ocrx_word' id='word_1_239' title='bbox 377 2849 536 2898; x_wconf 90' lang='lat' dir='ltr'>montuosa</span> <span class='ocrx_word' id='word_1_240' title='bbox 556 2848 587 2897; x_wconf 92' lang='lat' dir='ltr'>et</span> <span class='ocrx_word' id='word_1_241' title='bbox 604 2837 700 2898; x_wconf 86' lang='lat' dir='ltr'>fidelis</span> <span class='ocrx_word' id='word_1_242' title='bbox 719 2850 749 2898; x_wconf 88' lang='lat' dir='ltr'>et</span> <span class='ocrx_word' id='word_1_243' title='bbox 768 2838 893 2915; x_wconf 85' lang='lat' dir='ltr'>simplex</span> <span class='ocrx_word' id='word_1_244' title='bbox 907 2849 936 2898; x_wconf 90' lang='lat' dir='ltr'>et</span> <span class='ocrx_word' id='word_1_245' title='bbox 950 2838 1053 2897; x_wconf 88' lang='lat' dir='ltr'>fautrix</span> <span class='ocrx_word' id='word_1_246' title='bbox 1072 2857 1137 2898; x_wconf 78' lang='lat' dir='ltr'>suo</span> 
     </span>
    </p>
   </div>
   <div class='ocr_carea' id='block_1_4' title="bbox 98 2931 1187 3488">
    <p class='ocr_par' dir='ltr' id='par_1_4' title="bbox 136 2931 1137 3106">
     <span class='ocr_line' id='line_1_29' title="bbox 136 2931 1137 3012; baseline -0.002 -18"><span class='ocrx_word' id='word_1_247' title='bbox 136 2955 203 2995; x_wconf 90' lang='lat' dir='ltr'>rum</span> <span class='ocrx_word' id='word_1_248' title='bbox 223 2933 304 3012; x_wconf 84' lang='lat' dir='ltr'>regio</span> <span class='ocrx_word' id='word_1_249' title='bbox 325 2953 356 2994; x_wconf 91' lang='lat' dir='ltr'>se</span> <span class='ocrx_word' id='word_1_250' title='bbox 377 2934 463 2992; x_wconf 91' lang='lat' dir='ltr'>huius</span> <span class='ocrx_word' id='word_1_251' title='bbox 483 2935 597 2994; x_wconf 90' lang='lat' dir='ltr'>honore</span> <span class='ocrx_word' id='word_1_252' title='bbox 618 2933 723 3006; x_wconf 88' lang='lat' dir='ltr'>ornari,</span> <span class='ocrx_word' id='word_1_253' title='bbox 738 2952 770 2994; x_wconf 91' lang='lat' dir='ltr'>se</span> <span class='ocrx_word' id='word_1_254' title='bbox 789 2933 888 3009; x_wconf 90' lang='lat' dir='ltr'>augeri</span> <span class='ocrx_word' id='word_1_255' title='bbox 908 2931 1049 3007; x_wconf 83' lang='lat' dir='ltr'>dignitate</span> <span class='ocrx_word' id='word_1_256' title='bbox 1063 2933 1137 2992; x_wconf 91' lang='lat' dir='ltr'>arbi·</span> 
     </span>
     <span class='ocr_line' id='line_1_30' title="bbox 136 3027 1136 3106; baseline -0.003 -15"><span class='ocrx_word' id='word_1_257' title='bbox 136 3031 274 3091; x_wconf 90' lang='lat' dir='ltr'>trabatur.</span> <span class='ocrx_word' id='word_1_258' title='bbox 305 3029 460 3106; x_wconf 89' lang='lat' dir='ltr'>isdemque</span> <span class='ocrx_word' id='word_1_259' title='bbox 479 3048 559 3087; x_wconf 91' lang='lat' dir='ltr'>nunc</span> <span class='ocrx_word' id='word_1_260' title='bbox 575 3048 612 3089; x_wconf 91' lang='lat' dir='ltr'>ex</span> <span class='ocrx_word' id='word_1_261' title='bbox 633 3028 799 3104; x_wconf 91' lang='lat' dir='ltr'>municipiis</span> <span class='ocrx_word' id='word_1_262' title='bbox 819 3029 927 3087; x_wconf 88' lang='lat' dir='ltr'>adsunt</span> <span class='ocrx_word' id='word_1_263' title='bbox 947 3027 1061 3103; x_wconf 90' lang='lat' dir='ltr'>equites</span> <span class='ocrx_word' id='word_1_264' title='bbox 1075 3030 1136 3088; x_wconf 79' lang='lat' dir='ltr'>Ro</span> 
     </span>
    </p>

    <p class='ocr_par' dir='ltr' id='par_1_5' title="bbox 98 3120 1187 3488">
     <span class='ocr_line' id='line_1_31' title="bbox 98 3120 1136 3203; baseline -0.003 -14"><span class='ocrx_word' id='word_1_265' title='bbox 98 3161 124 3200; x_wconf 60' lang='grc' dir='ltr'>,ο</span> <span class='ocrx_word' id='word_1_266' title='bbox 138 3126 218 3186; x_wconf 89' lang='lat' dir='ltr'>mani</span> <span class='ocrx_word' id='word_1_267' title='bbox 232 3125 350 3203; x_wconf 90' lang='lat' dir='ltr'>publice</span> <span class='ocrx_word' id='word_1_268' title='bbox 364 3145 432 3184; x_wconf 93' lang='lat' dir='ltr'>cum</span> <span class='ocrx_word' id='word_1_269' title='bbox 465 3120 637 3203; x_wconf 87' lang='lat' dir='ltr'>[legatione]</span> <span class='ocrx_word' id='word_1_270' title='bbox 665 3123 845 3195; x_wconf 88' lang='lat' dir='ltr'>testimonio,</span> <span class='ocrx_word' id='word_1_271' title='bbox 861 3142 917 3184; x_wconf 93' lang='lat' dir='ltr'>nec</span> <span class='ocrx_word' id='word_1_272' title='bbox 927 3123 1042 3185; x_wconf 90' lang='lat' dir='ltr'>minore</span> <span class='ocrx_word' id='word_1_273' title='bbox 1055 3144 1136 3186; x_wconf 91' lang='lat' dir='ltr'>nunc</span> 
     </span>
     <span class='ocr_line' id='line_1_32' title="bbox 137 3219 1137 3300; baseline 0.001 -17"><span class='ocrx_word' id='word_1_274' title='bbox 137 3234 206 3284; x_wconf 92' lang='lat' dir='ltr'>sunt</span> <span class='ocrx_word' id='word_1_275' title='bbox 227 3222 424 3284; x_wconf 92' lang='lat' dir='ltr'>sollicitudine</span> <span class='ocrx_word' id='word_1_276' title='bbox 445 3243 535 3299; x_wconf 90' lang='lat' dir='ltr'>quam</span> <span class='ocrx_word' id='word_1_277' title='bbox 556 3232 620 3282; x_wconf 91' lang='lat' dir='ltr'>tum</span> <span class='ocrx_word' id='word_1_278' title='bbox 640 3232 724 3282; x_wconf 90' lang='lat' dir='ltr'>erant</span> <span class='ocrx_word' id='word_1_279' title='bbox 744 3219 860 3281; x_wconf 90' lang='lat' dir='ltr'>studio:</span> <span class='ocrx_word' id='word_1_280' title='bbox 882 3221 992 3281; x_wconf 91' lang='lat' dir='ltr'>etenim</span> <span class='ocrx_word' id='word_1_281' title='bbox 1012 3234 1057 3283; x_wconf 93' lang='lat' dir='ltr'>est</span> <span class='ocrx_word' id='word_1_282' title='bbox 1074 3243 1137 3300; x_wconf 86' lang='lat' dir='ltr'>gra-</span> 
     </span>
     <span class='ocr_line' id='line_1_33' title="bbox 136 3314 1187 3396; baseline 0 -18"><span class='ocrx_word' id='word_1_283' title='bbox 136 3318 201 3378; x_wconf 85' lang='lat' dir='ltr'>vius</span> <span class='ocrx_word' id='word_1_284' title='bbox 223 3317 341 3396; x_wconf 89' lang='lat' dir='ltr'>spoliari</span> <span class='ocrx_word' id='word_1_285' title='bbox 361 3319 485 3379; x_wconf 90' lang='lat' dir='ltr'>fortunis</span> <span class='ocrx_word' id='word_1_286' title='bbox 506 3338 595 3393; x_wconf 90' lang='lat' dir='ltr'>quam</span> <span class='ocrx_word' id='word_1_287' title='bbox 617 3336 680 3377; x_wconf 91' lang='lat' dir='ltr'>non</span> <span class='ocrx_word' id='word_1_288' title='bbox 699 3314 799 3392; x_wconf 87' lang='lat' dir='ltr'>augeri</span> <span class='ocrx_word' id='word_1_289' title='bbox 820 3315 972 3392; x_wconf 90' lang='lat' dir='ltr'>dignitate.</span> <span class='ocrx_word' id='word_1_290' title='bbox 1015 3336 1084 3394; x_wconf 87' lang='lat' dir='ltr'>ergo</span> <span class='ocrx_word' id='word_1_291' title='bbox 1102 3330 1134 3380; x_wconf 91' lang='lat' dir='ltr'>ut</span> <span class='ocrx_word' id='word_1_292' title='bbox 1149 3321 1187 3379; x_wconf 80' lang='lat'>2³</span> 
     </span>
     <span class='ocr_line' id='line_1_34' title="bbox 136 3410 1133 3488; baseline 0.001 -16"><span class='ocrx_word' id='word_1_293' title='bbox 136 3413 298 3480; x_wconf 71' lang='lat' dir='ltr'>alienate</span> <span class='ocrx_word' id='word_1_294' title='bbox 321 3424 403 3474; x_wconf 91' lang='lat' dir='ltr'>erant</span> <span class='ocrx_word' id='word_1_295' title='bbox 429 3412 604 3486; x_wconf 87' lang='lat' dir='ltr'>inlustriora,</span> <span class='ocrx_word' id='word_1_296' title='bbox 632 3410 807 3486; x_wconf 89' lang='lat' dir='ltr'>Laterensis,</span> <span class='ocrx_word' id='word_1_297' title='bbox 833 3430 909 3488; x_wconf 91' lang='lat' dir='ltr'>quae</span> <span class='ocrx_word' id='word_1_298' title='bbox 932 3411 984 3473; x_wconf 90' lang='lat' dir='ltr'>tibi</span> <span class='ocrx_word' id='word_1_299' title='bbox 1008 3413 1133 3473; x_wconf 90' lang='lat' dir='ltr'>maiores</span> 
     </span>
    </p>
   </div>
   <div class='ocr_carea' id='block_1_5' title="bbox 0 0 1208 3788">
    <p class='ocr_par' dir='ltr' id='par_1_6' title="bbox 0 0 1208 3788">
     <span class='ocr_line' id='line_1_35' title="bbox 0 0 1208 3788; baseline 0 3"><span class='ocrx_word' id='word_1_300' title='bbox 0 0 1208 3788; x_wconf 95' lang='lat' dir='ltr'> </span> 
     </span>
    </p>
   </div>
  </div>
 </body>
</html>
