2406 3788
120 182 159 256 38
252 183 254 188 ’
373 180 419 240 M
446 180 582 240 TVLLI
607 179 854 240 CICERONIS
965 174 1070 260 [IIXL
1085 196 1122 256 93

120 317 150 366 et
170 304 252 366 idern
273 324 338 365 sum
359 305 390 364 in
410 325 442 365 re
460 305 588 382 publiea,
604 303 656 382 qui
677 302 718 364 fui
739 323 863 382 semper,
879 315 1020 365 tamenne
1039 305 1124 366 liber·

121 415 213 463 tatem
226 403 356 479 requires
373 406 495 463 meam?
515 423 605 478 quam
620 414 652 463 tu
665 401 753 480 ponis
770 403 801 462 in
819 423 865 476 eo,
880 403 905 462 si
919 424 1037 481 semper
1054 422 1123 463 cum

120 501 170 573 εἰς,
187 501 364 578 quibuscum
383 501 544 577 aliquando
563 500 781 572 contendimus,
796 501 1001 577 depugnemus
1010 520 1020 575 ;
1040 500 1124 577 quod

120 611 164 660 est
185 600 273 676 longe
295 617 397 660 secus:
425 610 502 659 stare
524 596 729 659 enimomnes
751 599 895 659 debemus
919 609 1072 674 tamquam
1094 596 1124 657 in

120 698 191 758 orbe
205 698 305 773 aliquo
319 697 360 758 rei
375 697 521 775 publicae,
537 697 589 774 qui
603 695 746 774 quoniam
759 707 898 770 versatur,
915 717 982 758 eam
996 696 1123 773 deligere
1151 728 1164 766 ς

120 807 243 872 partem,
269 796 308 856 ad
332 814 423 871 quam
448 815 502 855 nos
530 795 607 855 illius
635 794 744 855 utilitas
772 799 910 872 salusque
938 793 1121 856 converterit

121 896 259 954 XXXIX
299 914 356 972 ego
379 904 479 954 autem
501 895 557 955 Cn.
581 893 769 970 Pompeium,
792 913 854 954 non
879 894 948 955 dico
972 905 1124 954 auctorem

121 993 229 1053 ducem
252 992 439 1052 defensorem
462 989 564 1050 salutis
592 1008 787 1051 meae-nam
811 992 885 1051 haec
909 990 1044 1069 privatim
1069 992 1124 1054 sor-

122 1098 199 1148 tasse
218 1088 382 1149 officiorum
403 1088 577 1148 memoriam
591 1099 621 1149 et
638 1087 761 1166 gratiam
775 1101 969 1165 quaerunt-‚
986 1091 1039 1160 sed
1053 1089 1122 1150 dico

121 1187 188 1257 hoc,
204 1186 287 1262 quod
307 1186 346 1244 ad
367 1187 493 1246 salutem
513 1185 555 1246 rei
576 1187 712 1263 publicae
732 1187 872 1264 pertinet:
895 1207 951 1264 ego
972 1207 1041 1248 eum
1060 1208 1122 1249 non
1136 1221 1161 1248 ιο

122 1296 213 1356 tuear,
230 1304 320 1361 quem
334 1305 439 1346 omnes
454 1285 484 1344 in
499 1305 530 1345 re
544 1285 663 1362 publica
676 1285 841 1363 principem
856 1305 921 1346 esse
935 1287 1123 1346 concedunt?

121 1403 177 1461 ego
198 1385 232 1445 C.
257 1382 391 1445 Caesaris
411 1384 548 1445 laudibus
568 1383 673 1457 desim,
695 1404 769 1461 quas
790 1384 919 1461 primum
939 1384 1042 1461 populi
1064 1387 1121 1446 Ro

121 1481 210 1556 mani,
227 1502 308 1541 nunc
329 1481 419 1542 etiam
440 1496 568 1556 senatus,
587 1483 637 1567 ¹cui
659 1503 707 1543 me
729 1503 847 1561 semper
866 1484 975 1557 addixi,
991 1485 1123 1561 plurimis

120 1590 210 1656 atque
224 1580 413 1658 amplissimis
428 1581 543 1642 iudiciis
557 1581 676 1643 videam
690 1600 756 1642 esse
769 1585 950 1643 celebratas?
984 1593 1048 1643 tum
1062 1584 1124 1643 her-

120 1681 186 1739 cule
201 1699 249 1739 me
263 1683 406 1741 confitear
420 1700 480 1742 non
495 1681 637 1743 iudicium
651 1680 774 1757 aliquod
793 1682 931 1743 habuisse
945 1683 984 1744 de
998 1683 1124 1744 utilitate
1138 1719 1146 1744 1
1150 1717 1162 1754 ς

120 1777 162 1839 rei
181 1779 328 1857 publicae,
348 1781 403 1841 sed
424 1779 596 1840 hominibus
618 1780 748 1840 amicum
770 1794 822 1842 aut
846 1781 999 1841 inimicum
1024 1781 1122 1842 fuisse.
1162 1821 1164 1825 ι

69 1885 108 1944 94
121 1898 167 1951 an,
191 1898 260 1938 cum
280 1878 399 1939 videam
420 1899 527 1940 navem
549 1879 689 1941 secundis
710 1880 807 1940 ventis
831 1901 949 1940 cursum
971 1891 1124 1942 tenentem

120 1995 216 2050 suum,
232 1976 256 2036 si
275 1997 337 2038 non
356 1997 425 2038 eum
443 1988 526 2054 petat
546 1968 675 2055 portum,
692 1998 782 2053 quem
804 1998 860 2056 ego
880 1979 1042 2055 aliquando
1058 2000 1125 2057 pro

121 2073 197 2145 bavi,
218 2075 271 2133 sed
293 2073 383 2134 alium
404 2094 466 2135 non
487 2074 585 2134 minus
606 2086 702 2135 tutum
723 2087 813 2152 atque
833 2077 1031 2152 tranquillum,
1053 2096 1123 2137 cum

121 2179 298 2246 tempestate
319 2191 449 2249 pugnem
468 2172 633 2248 periculose
652 2172 750 2249 potius
770 2192 860 2249 quam
874 2171 916 2232 illi
930 2175 1025 2233 salute
1043 2193 1123 2251 prae·
1136 2210 1161 2237 20

120 2265 220 2326 sertim
244 2267 396 2344 proposita
420 2269 625 2344 obtemperem
648 2280 678 2328 et
702 2271 840 2344 paream?
881 2288 937 2346 ego
957 2289 1028 2330 vero
1049 2271 1124 2332 haec

52 2424 56 2429 ,
122 2361 221 2430 didici,
235 2363 310 2421 haec
325 2361 393 2435 vidi,
409 2363 483 2423 haec
503 2362 611 2439 scripta
629 2362 696 2440 legi,
711 2364 786 2424 haec
799 2365 838 2425 de
853 2364 1075 2441 sapientissimis
1095 2377 1124 2427 et

71 2452 74 2457 ’
121 2455 287 2517 clarissimis
310 2456 378 2517 viris
402 2469 433 2518 et
456 2457 487 2517 in
508 2459 613 2518 haere
633 2458 752 2536 publica
772 2469 802 2519 et
822 2459 853 2518 in
874 2459 937 2519 aliis
958 2460 1124 2523 civitatibus

122 2565 316 2614 monumenta
327 2553 413 2615 nobis
425 2565 454 2614 et
465 2554 578 2614 litterae
588 2553 790 2631 prodiderunt,
800 2574 862 2615 non
873 2574 990 2633 semper
1003 2559 1123 2619 easdem

121 2650 283 2711 sententias
303 2652 342 2710 ab
363 2650 486 2726 eisdem,
502 2652 564 2726 sed,
577 2671 781 2728 quascumque
800 2651 842 2711 rei
863 2652 999 2729 publicae
1020 2666 1121 2729 status,
1136 2690 1160 2728 25

121 2747 273 2809 inclinatio
294 2760 470 2826 temporum,
492 2749 567 2809 ratio
592 2749 770 2810 concordiae
794 2753 966 2827 postularet,
988 2772 1053 2814 esse
1073 2756 1123 2815 de-

121 2849 226 2909 fensas.
279 2848 361 2925 quod
383 2867 439 2924 ego
462 2859 492 2908 et
513 2846 598 2919 facio,
621 2848 797 2922 Laterensis,
820 2861 850 2910 et
870 2869 987 2927 semper
1006 2850 1121 2924 faciam,

120 2943 354 3022 libertatemque,
379 2963 469 3020 quam
490 2955 524 3005 tu
545 2943 576 3002 in
597 2963 646 3005 me
673 2943 803 3019 requiris,
829 2965 919 3022 quam
944 2966 1000 3024 ego
1024 2967 1123 3023 neque

120 3038 219 3099 dimisi
240 3060 383 3116 umquam
404 3060 503 3118 neque
526 3039 682 3113 dimittam,
697 3060 760 3100 non
780 3040 811 3100 in
832 3041 1001 3119 pertinacia,
1017 3044 1071 3104 sed
1090 3043 1122 3103 in

120 3135 251 3208 quadam
265 3136 470 3197 moderatione
484 3135 612 3213 positam
626 3138 747 3212 putabo.
1134 3172 1160 3209 30

69 3240 107 3299 95
182 3233 239 3291 XL
279 3235 369 3292 Nunc
378 3232 466 3293 venio
481 3234 520 3292 ad
534 3233 605 3292 illud
621 3233 837 3308 extremum,in
851 3254 912 3311 quo
925 3235 1033 3308 dixisti,
1048 3236 1120 3297 dum

121 3326 233 3385 Plancii
247 3326 277 3387 in
292 3347 341 3388 me
354 3328 491 3388 meritum
505 3328 602 3389 verbis
622 3330 803 3405 extollerem,
818 3351 867 3391 me
881 3351 981 3391 arcum
993 3334 1089 3393 lacere
1104 3354 1121 3394 e

119 3426 223 3484 cloaca
236 3424 426 3503 lapidemque
441 3444 458 3487 e
472 3427 608 3504 sepulcro
622 3427 754 3489 venerari
767 3429 908 3508 prodeo:
929 3448 1026 3506 neque
1040 3428 1121 3491 enim
