2406 3788
144 199 190 257 XI
207 194 257 280 28]
342 201 433 261 PRO
464 201 530 262 CN.
551 203 752 264 PLANCIO
781 201 948 264 ORAIIO
1105 222 1137 261 11

142 348 232 390 nemo
242 328 348 390 iniuria
361 331 465 404 doluit,
482 332 529 392 cui
546 353 608 393 non
625 332 712 393 huius
731 332 762 393 in
780 353 829 394 me
847 332 1047 394 misericordia
1060 346 1142 410 grata

142 427 235 488 suerit.
279 427 388 489 etenim
407 429 431 490 si
450 442 520 490 ante
539 432 665 492 reditum
685 453 785 492 meum
801 435 855 493 Cn.
872 432 994 493 Plancio
1008 451 1040 492 se
1052 434 1140 509 volgo
1154 434 1192 492 26

141 520 194 580 viri
215 523 296 596 boni,
311 543 379 583 cum
400 525 450 585 hic
471 524 651 586 tribunatum
672 538 793 604 peteret,
806 529 884 588 ultro
905 527 1075 601 offerebant,
1092 527 1142 587 cui

141 638 251 680 nornen
273 640 373 681 meum
401 623 531 683 absentis
555 623 661 684 honori
687 625 799 699 fuisset,
824 624 852 685 ei
876 643 958 684 meas
979 623 1140 700 praesentis

115 749 127 785 5
140 736 242 792 preces
255 737 318 778 non
337 731 423 796 putas
441 720 608 796 profuisse?
646 741 686 781 an
701 721 921 782 Minturnenses
936 722 1042 795 coloni,
1058 723 1140 798 quod

141 816 176 875 C.
187 814 316 875 Marium
330 835 347 876 e
361 816 440 876 civili
453 819 529 878 ferro
543 828 633 894 atque
648 837 684 877 ex
698 817 795 895 impiis
810 817 947 877 manibus
961 817 1137 894 eripuerunt,

140 912 222 986 quod
244 921 323 971 tecto
343 924 524 990 receperunt,
540 916 622 990 quod
642 915 751 974 sessum
770 913 870 974 inedia
888 913 1084 990 fluctibusque
1098 934 1139 974 re·

140 1018 282 1078 crearunt,
298 1009 380 1084 quod
396 1008 535 1067 viaticum
555 1021 774 1085 congesserunt,
791 1011 873 1086 quod
887 1008 1036 1086 navigium
1050 1009 1139 1069 dede-

139 1115 216 1175 runt,
226 1105 307 1181 quod
321 1125 390 1166 eum
406 1107 588 1183 linquentem
603 1118 709 1168 terram
724 1127 798 1181 eam,
811 1127 901 1184 quarn
916 1118 1050 1179 servarat,
1061 1107 1138 1166 votis

103 1230 128 1256 ιο
141 1196 290 1257 ominibus
308 1196 495 1271 lacrimisque
516 1194 664 1271 prosecuti
683 1207 759 1267 sunt,
779 1207 900 1256 aeterna
918 1196 949 1256 in
967 1199 1056 1260 laude
1073 1219 1135 1260 ver-

140 1303 252 1354 santur:
275 1293 404 1367 Plancio,
417 1294 498 1370 quod
510 1313 558 1355 me
568 1294 652 1354 velvi
666 1296 783 1371 pulsum
794 1296 841 1354 vel
855 1293 968 1354 ratione
982 1295 1138 1354 cedentem

139 1388 282 1466 receperit
303 1389 408 1449 iuverit
431 1389 611 1462 custodierit,
634 1388 680 1449 his
701 1401 731 1450 et
751 1389 866 1450 senatui
887 1391 1057 1466 populoque
1078 1391 1139 1448 Ro

139 1503 238 1558 mano,
247 1495 279 1544 ut
293 1484 435 1545 haberent
448 1504 539 1561 quem
552 1486 733 1557 reducerent,
744 1485 930 1559 conservarit,
942 1483 1047 1544 honori
1061 1486 1138 1542 hanc

139 1581 229 1640 fidem
243 1580 474 1641 misericordiam
487 1579 625 1640 virtutem
639 1580 729 1640 fuisse
742 1579 876 1640 miraris?

103 1707 126 1745 ις
201 1677 247 1735 ΧΙ
282 1674 363 1735 Vitia
386 1695 435 1736 me
457 1677 575 1735 hercule
597 1677 653 1737 Cn.
678 1675 791 1734 Plancii
815 1694 861 1733 res
885 1694 947 1746 eae,
969 1676 1008 1735 de
1029 1675 1136 1751 quibus
1150 1679 1188 1738 2?

139 1771 207 1845 dixi,
223 1782 320 1849 tegere
340 1785 508 1850 potuerunt,
523 1792 562 1834 ne
582 1784 615 1833 tu
633 1773 664 1833 in
681 1793 717 1833 ea
730 1773 799 1846 vita,
814 1773 853 1832 de
873 1792 933 1849 qua
949 1773 1008 1831 ianr
1029 1772 1135 1844 dicam,

139 1878 184 1928 tot
198 1879 228 1928 et
249 1880 331 1928 tanta
348 1869 522 1928 adiumenta
539 1868 609 1927 huic
629 1867 735 1928 honori
753 1867 842 1928 fuisse
862 1868 974 1928 mirere.
1027 1867 1076 1926 hic
1093 1874 1137 1927 e'st

140 1964 228 2050 enim,
239 1966 290 2041 qui
303 1968 541 2026 adulescentulus
555 1986 623 2025 cum
638 1969 674 2026 A.
689 1968 845 2042 Torquato
859 1968 1008 2042 profectus
1021 1964 1052 2024 in
1063 1965 1137 2024 Afri-

139 2079 205 2120 cam
224 2060 267 2120 sic
283 2063 322 2120 ab
338 2060 390 2121 illo
410 2060 581 2138 gravissimo
596 2072 625 2121 et
639 2061 824 2121 sanctissimo
842 2073 931 2138 atque
945 2062 1028 2122 omni
1048 2063 1136 2121 laude

99 2194 125 2220 ιο
139 2167 168 2216 et
190 2156 303 2216 honore
326 2157 499 2232 dignissimo
522 2155 585 2216 viro
607 2156 733 2216 dilectus
761 2167 814 2229 est,
838 2168 924 2217 utet
951 2157 1136 2218 contubernii

138 2254 326 2314 necessitudo
347 2266 377 2314 et
398 2255 596 2314 adulescentis
616 2255 827 2315 modestissimi
847 2257 943 2332 pudor
958 2257 1134 2332 postulabat.

138 2352 228 2426 quod,
244 2348 269 2408 si
289 2350 414 2423 adesset,
437 2368 500 2408 non
520 2348 616 2408 minus
637 2348 686 2407 ille
707 2351 868 2410 declararet
889 2370 979 2427 quam
995 2349 1043 2409 hic
1059 2348 1136 2409 illius

136 2450 225 2508 frater
244 2446 382 2523 patruelis
402 2457 433 2507 et
453 2465 545 2518 socer,
565 2448 600 2505 T.
616 2449 794 2522 Torquatus,
816 2448 899 2508 omni
919 2448 960 2507 illi
979 2449 1085 2507 virtute
1106 2458 1136 2507 et

137 2546 226 2606 laude
239 2566 299 2622 par,
315 2544 366 2622 qui
380 2555 425 2604 est
439 2544 560 2620 quidem
579 2564 647 2603 cum
666 2544 717 2603 illo
734 2544 867 2606 maximis
881 2543 1005 2604 vinculis
1024 2554 1053 2603 et
1071 2563 1137 2619 pro-

98 2680 123 2718 ,5
137 2640 309 2717 pinquitatis
323 2651 353 2700 et
366 2638 524 2699 adfinitatis
535 2638 718 2713 coniunctus,
730 2643 783 2702 sed
797 2641 838 2700 ita
851 2642 964 2717 magnis
974 2637 1091 2711 amoris,
1102 2649 1135 2697 ut

136 2736 204 2797 illae
217 2734 442 2797 necessitudinis
456 2754 562 2794 causae
576 2735 655 2794 leves
669 2755 733 2796 esse
747 2735 909 2795 videantur.
938 2733 992 2793 suit
1006 2735 1036 2793 in
1046 2735 1136 2794 Creta

136 2845 242 2910 postea
265 2832 483 2893 contubernalis
505 2831 662 2904 Saturnini,
687 2831 845 2908 propinqui
867 2830 920 2901 sui,
942 2831 1025 2888 miles
1048 2829 1134 2888 huius

138 2931 174 3005 Q.
192 2927 315 2999 Metelli,
337 2927 475 2986 cuicum
496 2926 582 2985 suerit
602 2925 823 3003 probatissimus
843 2925 992 3000 hodieque
1013 2921 1058 2994 sit,
1074 2940 1135 2980 om-

136 3027 224 3086 nibus
246 3044 310 3085 esse
332 3044 364 3085 se
391 3024 551 3101 probatum
578 3023 669 3082 debet
691 3039 815 3097 sperare.
867 3019 956 3078 inea
982 3017 1134 3094 provincia

98 3156 124 3195 30
136 3125 250 3201 legatus
270 3121 325 3182 luit
346 3123 380 3183 C.
403 3121 566 3181 Sacerdos:
593 3138 653 3196 qua
672 3119 787 3189 virtute,
810 3134 869 3192 qua
889 3112 1053 3174 constantia
1072 3113 1133 3174 vir!

138 3217 173 3274 L.
189 3215 331 3273 Flaccus:
351 3209 402 3287 qui
416 3211 522 3269 homo!
546 3207 597 3284 qui
611 3207 700 3269 civis!
721 3208 775 3281 qui
786 3206 903 3280 qualern
918 3205 999 3263 hunc
1012 3215 1128 3280 putent,

139 3309 310 3373 assiduitate
324 3307 554 3383 testimonioque
568 3307 727 3366 declarant.
757 3302 787 3361 in
800 3301 981 3361 Macedonia
995 3300 1130 3361 tribunus
1145 3318 1184 3376 23

140 3407 266 3469 militum
279 3407 351 3482 suit,
372 3405 402 3466 in
417 3403 523 3465 eadem
537 3399 689 3481 provincia
702 3410 807 3479 postea
821 3408 965 3477 quaestor.
1003 3397 1130 3474 primum
