2406 3788
86 187 216 270 V1117]
287 190 378 249 PRO
408 188 474 249 CN.
497 186 696 248 PLANCIO
726 183 895 246 ORATIO
1067 202 1082 260 7

87 318 230 396 spectatio
250 319 466 396 suffragiorum:
491 319 573 394 nihil,
595 331 628 380 ut
647 322 823 398 plerumque
843 316 949 392 evenit,
971 329 1086 394 praeter

86 416 258 493 opinionem
272 418 387 478 accidet
396 441 405 493 ;
428 419 509 478 nulla
530 417 585 478 erit
605 420 730 494 posthac
744 417 868 477 varietas
888 415 1084 476 comitiorum.

87 513 132 572 sin
153 514 212 573 hoc
232 532 375 590 persaepe
396 513 515 587 accidit,
529 524 563 573 ut
583 525 614 573 et
632 515 727 573 factos
745 511 859 588 aliquos
873 522 904 571 et
917 530 979 572 non
993 513 1086 571 factos

86 629 150 670 esse
171 608 318 682 miremur,
335 609 359 670 si
380 629 502 687 campus
523 621 614 687 atque
635 610 703 671 illae
721 612 820 671 undae
841 607 1036 681 comitiorum,
1054 620 1087 669 ut

61 725 167 768 amare
191 707 371 782 profundum
397 716 429 766 et
456 704 644 778 immensum,
668 704 711 765 sic
735 708 929 765 effervescunt
956 705 1086 780 quodam

86 803 171 879 quasi
191 813 284 875 aestu,
299 814 331 863 ut
352 804 391 863 ad
412 804 486 864 alios
506 806 660 879 accedant,
675 806 715 864 ab
734 803 799 863 aliis
818 812 917 862 autem
937 802 1085 874 recedant,

86 905 170 954 tanto
189 914 244 953 nos
258 893 289 952 in
303 896 416 971 impetu
434 894 600 954 studiorum
617 905 648 954 et
664 904 748 953 motu
765 892 938 954 temeritatis
957 895 1080 956 modum

86 991 216 1067 aliquem
231 1001 260 1050 et
275 989 432 1049 consilium
447 1001 476 1049 et
492 990 638 1050 rationem
655 990 867 1067 requiremus?
901 992 1002 1066 Quare
1019 992 1081 1052 noli
1100 996 1138 1055 16

87 1108 134 1147 me
149 1089 188 1146 ad
203 1086 426 1147 contentionem
440 1098 569 1146 vestrum
583 1107 699 1159 vocare,
716 1086 889 1147 Laterensis.
931 1087 1042 1148 etenim
1056 1087 1082 1147 si

48 1215 73 1242 ιο
87 1186 198 1259 populo
206 1194 288 1259 grata
300 1194 344 1243 est
353 1183 471 1255 tabella,
482 1202 558 1258 quae
567 1185 678 1243 frontes
687 1183 782 1259 aperit
791 1183 955 1255 hominum,
965 1197 1083 1254 mentes

88 1279 160 1355 tegit
177 1281 288 1355 datque
304 1298 370 1338 eam
388 1277 563 1350 libertatem,
579 1288 612 1337 ut
626 1279 707 1353 quod
722 1277 816 1339 velint
829 1278 947 1353 faciant,
962 1279 1082 1356 promit-

89 1386 152 1434 tant
169 1387 268 1436 autem
285 1375 369 1452 quod
385 1384 532 1451 rogentur,
551 1394 603 1434 cur
620 1386 661 1447 tu,
679 1374 711 1435 id
728 1374 759 1434 in
776 1374 887 1435 iudicio
903 1386 936 1434 ut
953 1377 1013 1450 fiat,
1032 1396 1081 1436 ex-

89 1474 201 1551 primis,
213 1476 294 1550 quod
308 1493 369 1533 non
381 1475 415 1532 fit
427 1472 459 1533 in
471 1474 601 1549 campo?
629 1473 705 1532 ‘Hic
716 1493 805 1549 quam
820 1472 868 1532 ille
879 1472 1006 1550 dignior'
1016 1492 1081 1551 per-

90 1590 177 1646 quam
189 1589 280 1645 -grave
295 1581 341 1628 est
355 1571 445 1628 dictu.
489 1570 558 1644 Quo
575 1569 669 1628 modo
685 1568 771 1644 igitur
787 1580 833 1628 est
848 1570 994 1645 aequius?
1034 1568 1082 1630 Sic

52 1699 75 1735 15
89 1667 191 1726 credo:
206 1667 289 1741 quod
297 1665 400 1741 agitur,
411 1666 493 1741 quod
503 1665 575 1724 satis
586 1676 632 1724 est
642 1664 745 1727 iudici:
765 1664 999 1724 ‘hicfactusest'
1020 1667 1082 1726 Cur

89 1764 145 1823 iste
159 1764 257 1839 potius
272 1782 359 1840 quam
375 1766 449 1839 ego?
475 1765 534 1822 Vel
547 1763 648 1823 nescio
660 1765 707 1822 vel
722 1781 782 1822 non
798 1763 866 1823 dico
880 1765 928 1823 vel
941 1763 1079 1840 denique,

91 1863 173 1936 quod
188 1857 259 1919 milri
273 1860 475 1937 gravissimum
487 1871 573 1931 esset,
586 1861 610 1918 si
625 1859 764 1933 dicerem,
777 1862 831 1919 sed
845 1858 965 1936 impune
980 1870 1081 1919 tamen

68 2036 72 2041 y
91 1960 230 2018 deberem
245 1956 357 2017 dicere:
380 1960 426 2016 ‘N
429 1977 468 2017 on
485 1959 583 2028 recte‚'
598 1977 670 2016 num
685 1956 757 2033 quid
772 1958 975 2034 adsequerere,
991 1957 1016 2017 si
1032 1957 1083 2018 illa

90 2061 221 2109 extrema
242 2045 415 2108 defensione
436 2057 540 2120 uterer,
554 2048 700 2124 populum
718 2047 801 2124 quod
815 2046 955 2109 voluisset
973 2048 1085 2121 secisse,

50 2174 76 2201 20
89 2168 150 2209 non
165 2148 247 2224 quod
260 2145 433 2208 debuisset?

149 2242 213 2304 VII
256 2243 359 2319 Quid?
386 2241 412 2303 si
435 2244 539 2320 populi
562 2263 683 2322 quoque
703 2246 814 2305 factum
838 2245 977 2319 defendo,
1002 2247 1088 2305 Late·
1102 2249 1139 2307 17

89 2342 191 2414 rensis,
207 2352 236 2401 et
250 2343 346 2401 doceo
367 2341 423 2401 Cn.
441 2341 595 2402 Plancium
613 2362 677 2402 non
696 2341 861 2419 obrepsisse
874 2344 914 2403 ad
933 2345 1085 2411 honorem,

89 2440 143 2498 sed
164 2458 201 2499 eo
218 2437 334 2498 venisse
355 2458 449 2512 cursu,
470 2437 522 2516 qui
542 2459 659 2516 semper
678 2440 806 2517 patuerit
825 2440 996 2523 lut-minibus
1016 2441 1087 2501 ortis

89 2537 148 2596 hoc
171 2547 273 2595 nostro
296 2535 425 2611 equestri
451 2538 529 2610 loco,
553 2556 715 2614 possumne
736 2538 848 2615 eripere
872 2538 998 2599 orationi
1019 2549 1087 2599 tuae

51 2650 75 2687 2⁵
90 2632 311 2693 contentionem
333 2643 472 2706 vestmm,
496 2652 574 2709 quae
597 2635 714 2694 tractari
736 2635 800 2695 sine
822 2636 1002 2696 contumelia
1025 2654 1087 2695 non

89 2742 196 2808 potest,
212 2741 241 2790 et
255 2742 285 2791 te
298 2732 338 2789 ad
352 2750 471 2790 causam
485 2731 645 2808 aliquando
658 2733 831 2809 crimenque
849 2733 1013 2793 deducere?
1053 2732 1086 2803 si,

90 2827 173 2903 quod
193 2825 300 2901 equitis
315 2825 445 2884 Romani
465 2825 542 2885 filius
562 2838 617 2899 est,
632 2826 751 2888 inferior
771 2846 836 2888 esse
857 2828 968 2900 debuit,
983 2846 1087 2888 omnes

89 2934 188 2982 tecum
206 2919 339 2996 equitum
355 2923 560 2980 Romanorum
575 2921 626 2981 filii
640 2923 814 2999 petiverunt.
857 2922 930 2981 nihil
943 2921 1011 2982 dico
1025 2941 1087 2982 am·

90 3018 180 3095 plius:
200 3018 260 3076 hoc
280 3027 380 3076 tamen
401 3017 498 3092 miror,
516 3038 570 3078 cur
588 3020 658 3079 huic
678 3020 865 3097 potissimum
886 3019 1018 3093 irascare,
1036 3020 1088 3097 qui

51 3135 76 3174 ³0
90 3113 261 3191 longissime
280 3131 299 3171 a
319 3124 349 3174 te
365 3113 446 3176 afuit
489 3115 638 3191 equidem,
654 3117 679 3175 si
697 3117 826 3192 quando,
842 3128 876 3177 ut
893 3119 935 3190 fit,
950 3116 1043 3178 iactor
1056 3117 1087 3177 in

90 3212 184 3282 turba,
200 3228 261 3269 non
283 3209 366 3268 illum
386 3228 503 3278 accuso,
517 3211 570 3285 qui
591 3222 636 3270 est
655 3209 687 3269 in
708 3231 824 3270 summa
843 3230 926 3272 sacra
945 3211 1001 3287 via,
1018 3233 1087 3274 cum

90 3326 146 3383 ego
160 3307 198 3365 ad
210 3304 336 3365 Fabium
349 3305 492 3366 fornicem
506 3305 649 3383 impellor,
661 3307 715 3366 sed
728 3327 806 3382 eum,
818 3307 870 3385 qui
882 3309 914 3368 in
928 3328 976 3370 me
990 3309 1086 3388 ipsum

90 3400 209 3461 incurrit
222 3409 312 3476 atque
327 3398 436 3462 incidit
472 3411 506 3462 tu
519 3421 618 3479 neque
632 3401 669 3477 Q.
686 3402 788 3477 Pedi0,
803 3402 956 3478 univiro,
971 3423 1088 3467 suscen-
