2406 3788
114 187 202 244 XXX
219 181 268 265 72]
309 187 399 246 PRO
430 187 495 245 CN.
518 186 717 248 PLANCIO
748 187 915 247 ORATIO
1073 206 1110 262 ²9

116 315 214 376 Calidi
252 327 346 393 putes,
375 318 458 392 quod
486 334 541 393 ego
568 315 599 374 in
623 317 727 375 Planci
762 316 846 389 facio,
876 327 927 376 aut
955 319 1110 376 Metellum

117 413 211 487 Pium,
226 413 251 472 si
268 415 385 473 Romae
403 432 467 473 esse
486 414 639 490 potuisset,
654 428 705 474 aut
722 426 837 491 patrem
856 415 928 488 eius,
944 415 968 474 si
982 413 1110 488 vixisset,

115 530 178 570 non
191 510 280 570 fuisse
291 514 443 570 facturum.
482 531 553 569 nam
571 511 672 588 Opimi
697 512 819 588 quidem
833 511 984 572 calamitas
998 511 1111 570 utinam

115 627 152 667 ex
170 606 325 667 hominum
344 605 487 666 memoria
505 618 606 683 posset
620 606 723 667 evelli!
763 609 869 667 volnus
885 607 959 667 illud
979 607 1020 667 rei
1040 609 1112 684 pub-

90 703 199 782 slicae,
227 705 358 764 dedecus
386 702 472 763 huius
502 703 626 780 imperii,
659 704 810 781 turpitudo
837 704 939 781 populi
971 704 1110 777 Romani,

116 819 178 860 non
199 798 340 859 iudicium
360 800 524 877 putandum
551 809 602 858 est.
655 819 745 876 quam
768 800 847 859 enim
874 800 917 859 illi
943 800 1064 874 iudices,
1088 800 1112 860 si

115 896 229 958 iudices
244 908 273 956 et
288 915 350 956 non
363 895 526 972 parricidae
540 893 652 971 patriae
666 895 841 956 nominandi
859 906 935 968 sunt,
950 895 1112 973 graviorem
1176 960 1180 966 ,

116 1003 275 1070 potuerunt
289 992 331 1052 rei
350 991 487 1069 publicae
508 991 638 1068 infligere
657 992 792 1065 securim,
808 1012 897 1069 quam
916 1013 984 1051 cum
999 991 1081 1051 illum
1095 1013 1112 1053 e

116 1090 235 1151 civitate
259 1090 417 1163 eiecerunt,
443 1089 494 1165 qui
518 1102 636 1166 praetor
658 1090 792 1165 finitimo,
818 1095 922 1151 consul
949 1092 1114 1154 domestico

82 1217 105 1242 ιο
117 1188 197 1247 bello
210 1207 272 1246 rem
287 1186 438 1263 publicam
458 1185 614 1246 liberarat?
654 1199 684 1246 at
699 1207 755 1264 ego
769 1186 856 1247 nimis
870 1208 1010 1265 magnum
1024 1190 1113 1249 bene·
1126 1191 1163 1250 tl

117 1283 218 1345 ficium
242 1284 345 1344 Planci
380 1283 457 1343 facio
481 1295 519 1357 et,
540 1294 575 1343 ut
596 1282 647 1357 aiS,
673 1283 703 1344 id
724 1286 822 1346 verbis
844 1305 1004 1363 exaggero:
1028 1287 1114 1364 quasi

116 1402 187 1443 vero
211 1402 260 1441 me
282 1393 333 1442 tuo
346 1380 497 1441 ‚arbitratu
520 1392 549 1441 et
571 1401 632 1440 non
654 1402 722 1443 meo
743 1394 858 1459 gratum
882 1403 946 1444 esse
969 1395 1111 1460 oporteat.

119 1479 214 1555 ‘quod
234 1477 317 1537 istius
338 1487 454 1537 tantum
475 1476 644 1536 meritum?’
673 1478 768 1554 inquit
790 1485 840 1538 ‘an
859 1479 928 1554 quia
945 1491 974 1539 te
993 1498 1054 1538 non
1073 1477 1114 1538 iu·

117 1573 262 1653 guravitr’
304 1572 397 1632 immo
416 1592 495 1645 ver0,
520 1573 588 1650 quia
608 1573 732 1650 iugulari
753 1595 856 1652 passus
877 1596 938 1636 non
959 1588 1009 1637 est.
1053 1597 1114 1653 quo

83 1698 107 1734 ιε
119 1671 240 1749 quidem
251 1682 283 1730 tu
294 1672 371 1742 loco,
385 1669 477 1741 Cassi,
490 1669 578 1729 etiam
587 1669 716 1745 purgasti
731 1669 866 1731 inimicos
877 1691 959 1730 meos
971 1691 1115 1748 meaeque

118 1769 196 1827 vitae
211 1768 306 1825 nullas
319 1768 359 1826 ab
373 1765 429 1824 illis
448 1764 570 1824 insidias
589 1762 677 1823 fuisse
694 1764 799 1826 dixisti.
841 1766 941 1842 posuit
957 1768 1015 1825 hoc
1033 1766 1114 1828 idem

119 1864 295 1924 Laterensis.
337 1882 428 1939 quam
442 1864 481 1921 ob
495 1882 557 1921 rem
572 1862 673 1938 paullo
686 1873 754 1937 post
773 1864 811 1923 de
830 1862 886 1922 isto
900 1864 985 1940 plura
998 1863 1114 1924 dicam:

118 1965 158 2022 de
178 1973 208 2022 te
228 1972 345 2020 tantum
366 1958 491 2036 requiro,
506 1971 604 2018 utrum
624 1970 711 2034 putes
730 1958 832 2020 odium
852 1959 884 2018 in
902 1980 951 2020 me
965 1961 1116 2025 mediocre

118 2058 305 2120 inimicorum
326 2057 538 2134 fuisse-quod
551 2056 605 2117 fuit
618 2058 744 2117 ullorum
763 2078 904 2136 umquam
926 2059 1115 2121 barbarorum

84 2190 109 2216 ω
121 2171 181 2219 tam
197 2158 327 2217 immane
344 2175 380 2214 ac
396 2166 458 2215 tam
479 2155 598 2214 crudele
621 2152 652 2212 in
673 2155 891 2216 hostemP—-an
910 2156 998 2216 luisse
1019 2157 1050 2217 in
1073 2158 1116 2219 eis

118 2255 248 2330 aliquem
269 2264 319 2312 aut
340 2254 437 2311 lamae
453 2263 565 2311 metum
581 2261 633 2310 aut
653 2270 777 2328 poenae,
793 2272 918 2328 quorum
936 2254 1034 2314 vidisti
1051 2266 1116 2316 toto

119 2349 171 2408 illo
185 2367 265 2409 auno
279 2350 388 2407 ferrum
408 2346 439 2405 in
456 2348 528 2420 soro,
544 2349 695 2408 flammam
716 2349 747 2408 in
768 2348 904 2422 delubris,
920 2351 981 2411 vim
1002 2352 1033 2412 in
1053 2365 1117 2414 tota

119 2448 192 2506 urbe
209 2424 340 2504 Forsan?
380 2438 436 2504 nisi
457 2446 533 2504 forte
557 2444 706 2505 existimas
729 2466 781 2507 eos
802 2445 913 2508 idcirco
933 2450 1011 2510 vitae
1032 2469 1117 2510 meae

120 2542 296 2620 pepercisse,
315 2542 398 2618 quod
419 2543 458 2601 de
476 2539 573 2601 reditu
597 2561 666 2601 meo
685 2543 758 2602 nihil
778 2543 923 2607 timerent
965 2558 996 2607 et
1017 2568 1117 2625 quem-

83 2671 108 2708 25
120 2659 209 2715 quam
224 2651 310 2714 putas
325 2637 413 2698 fuisse
428 2648 487 2697 tarn
503 2639 669 2709 excordem,
686 2639 736 2715 qui
746 2638 818 2699 vivis
832 2641 878 2700 his
891 2655 989 2704 stante
1001 2645 1073 2704 urbe
1087 2658 1116 2704 et

119 2735 200 2796 curia
212 2735 373 2794 rediturum
391 2753 448 2806 me,
464 2733 489 2792 si
502 2734 639 2806 viverem,
656 2754 718 2794 non
737 2739 875 2812 putaret?
895 2756 986 2814 quam
1000 2742 1039 2799 ob
1053 2760 1116 2800 rem

118 2852 181 2893 non
195 2833 287 2892 debes
305 2830 330 2890 is
347 2832 439 2891 homo
453 2842 482 2890 et
497 2831 521 2891 is
536 2830 607 2891 civis
626 2833 795 2908 praedicare
807 2831 898 2892 vitam
917 2854 1024 2907 meam,
1040 2855 1117 2912 quae

119 2929 261 2991 fidelitate
275 2928 438 2988 amicorum
452 2939 627 2988 conservata
644 2927 690 3001 sit,
706 2927 892 2988 inimicorum
905 2931 1042 2992 molestia
1055 2951 1116 2993 non

119 3047 183 3089 esse
197 3025 368 3104 appetitam.

83 3159 109 3197 30
179 3125 270 3184 XXX
304 3121 508 3197 Respondebo
523 3120 576 3183 tibi
589 3141 678 3192 nunc,
691 3120 867 3194 Laterensis,
882 3123 979 3186 minus
994 3128 1117 3190 fortasse
1130 3133 1169 3193 72

119 3222 315 3287 vehementer,
330 3235 421 3292 quam
434 3218 488 3277 abs
506 3228 536 3277 te
555 3236 621 3278 sum
639 3230 824 3292 provocatus,
840 3219 894 3279 sed
913 3224 1047 3299 proiecto
1060 3243 1118 3285 nec

118 3317 303 3377 considerate
325 3313 423 3373 miuus
447 3332 504 3373 nec
530 3312 627 3372 minus
654 3312 757 3373 amice
808 3333 880 3374 nam
907 3318 1034 3395 primum
1062 3319 1122 3409 fu'u¹

118 3414 191 3476 illud
208 3409 347 3492 asperius,
362 3427 412 3471 me
430 3428 507 3488 quae
523 3410 563 3470 de
579 3408 702 3470 Plancio
721 3409 853 3471 dicerem
869 3414 996 3475 mentiri
1004 3427 1130 3474 extem-
