2406 3788
476 862 676 938 INDEX
720 864 738 937 t

229 1087 583 1178 'onocnurfflcus
611 1114 666 1172 nr
695 1111 954 1174 msuosucus

105 1379 176 1430 ΜΒ.
210 1379 245 1429 In
256 1378 384 1443 references
393 1387 417 1431 to
427 1381 468 1432 the
483 1382 544 1432 Text
554 1380 662 1446 thefirst
669 1379 755 1447 figure
765 1378 804 1446 (ire
816 1381 900 1446 larger
909 1380 972 1444 type)
985 1376 1104 1428 indicates

167 1457 209 1508 the
216 1459 322 1518 sectum
338 1461 378 1510 the
386 1463 473 1511 second
481 1463 522 1525 (in
532 1463 633 1512 smoller
642 1463 704 1526 type)
716 1461 831 1512 indicates
841 1461 882 1512 the
892 1461 943 1510 'line
952 1459 985 1525 of
990 1457 1030 1508 tlte
1038 1464 1105 1520 page

169 1542 250 1592 where
259 1543 300 1593 the
309 1542 381 1591 word
389 1558 471 1592 occurs

587 1741 613 1790 A

105 1847 135 1896 L.
158 1840 248 1897 Accius
271 1846 312 1912 (a,
329 1851 465 1913 170-104)
484 1851 567 1915 gravis
585 1858 611 1901 et
633 1850 774 1915 ingeniosus
795 1857 878 1915 poeta,
900 1847 953 1898 eius
974 1844 1103 1910 tragoedia

136 1926 246 1978 Atreus
258 1927 288 1977 59
303 1941 331 1991 17

105 2009 135 2057 L.
151 2010 240 2059 Aelius
257 2011 359 2069 Lamia,
378 2026 453 2075 eques
473 2012 607 2072 Romanus,
624 2011 718 2062 amicus
731 2010 866 2070 Ciceronis,
884 2025 900 2059 a
918 2008 1010 2060 Clodio
1028 2023 1052 2056 a.
1070 2009 1102 2070 58

136 2089 266 2154 relegatus,
280 2092 347 2155 quod
360 2093 484 2142 Catilinae
501 2094 670 2143 coniuratione
687 2094 810 2160 patefacta
827 2100 940 2142 senatum
957 2089 1103 2140 defenderat

136 2171 212 2233 8724

104 2252 136 2301 L.
156 2251 244 2301 Aelius
265 2251 365 2312 Tubero,
387 2250 517 2302 Ciceronis
538 2253 695 2314 necessarius,
718 2269 793 2318 quem
815 2254 847 2304 de
869 2253 966 2303 insidiis
987 2252 1101 2301 adversa·

136 2333 228 2383 riorum
240 2333 375 2393 admonuit,
389 2332 485 2397 legatus
497 2333 530 2397 Q.
543 2335 658 2385 Ciceroni
668 2337 695 2384 in
707 2336 770 2385 Asia
780 2336 908 2402 provincia
918 2335 967 2382 100
977 2346 1008 2396 27

104 2412 196 2477 Africa
206 2411 342 2478 provincia,
354 2420 487 2477 antequam
498 2414 532 2462 ad
543 2414 672 2479 Thapsum
683 2424 820 2481 pugnatum
834 2422 880 2473 est,
892 2414 1103 2479 complectebatur

136 2491 257 2558 quidquid
269 2492 514 2557 Karthaginiensium
524 2494 586 2543 olim
596 2495 682 2555 fuerat,
697 2496 827 2561 omnisque
844 2503 921 2546 terras
936 2496 1001 2546 inter
1010 2502 1100 2544 utram·

136 2589 185 2638 que
207 2573 292 2638 Syrtin
313 2574 354 2624 vel
375 2573 456 2624 omnis
478 2574 504 2624 in
527 2591 571 2625 ora
593 2583 670 2627 terras
691 2578 750 2627 inde
777 2595 793 2628 a
816 2579 899 2628 Tusca
920 2579 944 2629 fl.
969 2592 1048 2641 usque
1069 2576 1101 2626 ad

27 2711 33 2725 ⁹
138 2654 310 2719 cyrenaicam.
344 2654 427 2704 Urbes
438 2654 522 2711 Utica,
534 2655 659 2722 Thapsus,
672 2658 758 2722 Leptis
769 2659 858 2720 minor,
872 2659 988 2718 Acholla,
1004 2658 1096 2716 Usatis,

136 2735 263 2794 Teudalis‚
276 2734 468 2791 Hadrumetum,
480 2742 538 2800 post
548 2751 572 2785 a.
585 2735 617 2799 46
628 2738 731 2788 accessit
745 2738 823 2789 altera
837 2738 965 2805 provincia
981 2737 1101 2788 Numidia

137 2815 169 2869 at
182 2818 212 2869 18

106 2901 135 2950 P.
146 2899 305 2965 Africanus:
321 2914 347 2948 v.
358 2913 379 2948 s.
391 2898 474 2963 Scipio

105 2978 220 3028 Albanus
236 2994 313 3039 meres,
327 2979 353 3030 h.
366 2986 466 3028 monte
482 2979 571 3038 Cavo,
590 2977 658 3027 iuxta
669 2979 805 3029 Tusculum
819 2986 844 3030 et
859 2979 925 3028 viam
939 2977 1059 3044 Appiam,
1076 2978 1100 3028 in

137 3074 188 3125 quo
210 3059 320 3110 Romani
340 3067 367 3110 et
388 3059 472 3110 Latini
494 3059 586 3110 ferias
604 3059 729 3110 Latinas
745 3061 878 3125 quotannis
894 3059 1053 3111 celebrabant
1075 3061 1100 3111 iu

137 3141 283 3190 memoriam
294 3140 332 3192 sui
343 3140 449 3193 foederis
460 3143 492 3191 23
504 3161 520 3205 4

108 3222 137 3271 C.
159 3219 245 3284 Alfius
262 3222 364 3283 Flavus,
386 3222 481 3272 amicus
501 3221 637 3283 Ciceronis,
658 3229 688 3274 tr.
712 3223 745 3288 pl.
767 3238 790 3272 a.
812 3236 850 3289 59,
870 3239 893 3273 a.
911 3233 942 3286 54
959 3227 1058 3286 praetor
1077 3231 1102 3273 et

137 3300 262 3368 quaesitor
271 3302 298 3351 in
310 3318 383 3353 causa
394 3305 443 3354 Cn.
456 3304 558 3357 Plancii.
