2406 3788
85 186 281 269 XXXVI87]
318 190 410 251 PRO
433 191 500 252 CN
520 192 722 254 PLANCIO
745 193 913 255 ORATIO
1045 210 1083 270 35

85 339 200 398 magna,
215 323 298 398 quod
318 342 419 382 meum
440 323 612 396 discessum,
636 342 726 399 quern
747 317 836 401 saepe
857 324 989 396 deferas,
1005 343 1085 385 nunc
1181 327 1184 333 '

84 415 168 490 quasi
191 418 407 494 reprehendere
431 428 461 478 et
485 419 679 479 subaccusare
701 418 827 479 voluisti
880 418 980 478 dixisti
1003 419 1084 479 enim
1125 436 1130 443 ·

84 529 146 570 non
160 513 301 573 auxilium
315 513 397 588 mihi,
413 516 466 575 sed
480 534 528 575 me
542 513 652 575 auxilio
666 514 804 576 defuisse.
836 534 892 593 ego
906 535 976 576 vero
990 517 1085 576 fateor

83 625 141 680 me,
156 610 239 684 quod
252 609 375 670 viderim
390 610 463 670 mihi
481 610 622 670 auxilium
640 630 703 670 non
722 613 834 685 deesse,
849 611 963 694 ¹idcirco
980 631 1028 672 me
1042 604 1085 672 illi

60 705 192 771 sauxilio
213 706 387 783 pepercisse.
430 707 482 784 qui
502 706 583 767 enim
604 718 704 779 status,
721 708 802 784 quod
823 707 989 783 discrimen,
1007 728 1084 784 quae

83 801 169 860 suerit
186 801 218 861 in
235 822 267 863 re
284 803 404 880 publica
421 803 651 881 tempestasilla
668 803 735 880 quis
753 804 869 864 nescit?
910 802 1083 864 tribunicius

83 918 132 960 me
150 911 243 961 terror
263 922 302 961 an
320 901 482 962 consularis
499 903 579 962 furor
597 902 708 962 movit?
749 903 900 962 decertare
913 901 987 961 mihi
1007 904 1083 963 ferro

83 1013 225 1071 magnum
244 997 298 1057 fuit
314 1017 382 1056 curn
401 996 531 1075 reliquiis
547 1017 658 1072 eorum,
674 1017 751 1075 quos
772 1017 828 1076 ego
842 998 974 1059 florentis
994 1009 1084 1076 atque

82 1091 211 1169 integros
226 1092 289 1154 sine
303 1095 379 1155 ferro
390 1093 536 1155 viceram?
569 1096 706 1155 consules
720 1106 789 1173 post
802 1095 959 1161 hominum
973 1114 1084 1157 memo-

48 1219 72 1246 ιο
83 1188 156 1247 riam
170 1189 328 1250 taeterrimi
346 1203 437 1268 atque
456 1189 625 1268 turpissimi,
641 1191 717 1252 sicut
735 1202 766 1252 et
784 1192 834 1251 illa
852 1181 995 1270 principia
1008 1204 1038 1253 et
1052 1193 1084 1253 hi

82 1297 216 1348 recentes
236 1309 334 1349 rerum
355 1289 451 1349 exitus
471 1291 665 1362 declararunt,
681 1309 806 1366 quorum
827 1292 902 1350 alter
922 1288 1083 1351 exercitum

82 1383 220 1457 perdidit,
236 1387 309 1444 alter
322 1385 465 1458 vendidit,
482 1385 589 1463 emptis
602 1385 761 1463 provinciis
775 1405 793 1445 a
808 1399 921 1457 senatu,
933 1405 952 1444 a
965 1404 997 1445 re
1010 1386 1083 1462 pub-

82 1478 145 1553 lica,
156 1499 175 1539 a
188 1481 275 1541 bonis
289 1481 429 1542 omnibus
439 1484 623 1544 defecerant:
645 1481 695 1560 qui
710 1482 847 1556 exercitu,
857 1482 908 1559 qui
922 1481 1020 1555 armis,
1032 1481 1082 1559 qui

82 1576 189 1652 opibus
209 1577 368 1653 plurimum
388 1587 535 1652 poterant,
557 1596 626 1637 cum
651 1576 724 1653 quid
748 1574 890 1638 sentirent
912 1576 1081 1649 nesciretur,

46 1701 69 1736 15
82 1672 190 1732 furialis
204 1672 254 1731 illa
262 1692 327 1746 vox,
340 1671 458 1732 nefariis
472 1672 588 1749 stupris,
599 1671 742 1748 religiosis
752 1671 892 1732 altaribus
903 1671 1080 1741 effeminata,

82 1786 183 1826 secum
206 1779 236 1828 et
260 1769 325 1828 illos
347 1779 376 1828 et
397 1762 534 1829 consules
555 1770 650 1829 facere
674 1767 864 1828 acerbissime
884 1769 1081 1844 personabat:

82 1875 202 1940 egentes
223 1863 254 1923 in
274 1861 439 1939 locupletis,
460 1862 568 1939 perditi
595 1862 626 1922 in
653 1863 759 1934 bonos,
783 1862 858 1923 servi
884 1861 916 1923 in
940 1861 1082 1923 dominos

81 1962 276 2020 armabantur.
319 1972 350 2020 at
368 1971 430 2020 erat
450 1980 567 2019 mecum
585 1971 704 2021 senatus
724 1971 754 2020 et
775 1960 897 2036 quidem
917 1971 999 2020 veste
1020 1978 1082 2019 mu·
1095 1969 1134 2028 87

81 2069 150 2130 tata,
166 2058 250 2133 quod
269 2076 323 2133 pro
344 2076 393 2116 me
414 2076 476 2116 uno
498 2067 566 2133 post
587 2055 744 2116 hominum
764 2055 939 2117 memoriam
960 2056 1081 2132 publico

44 2183 69 2210 ω
82 2153 206 2213 consilio
220 2164 389 2230 susceptum
403 2164 465 2216 est:
492 2154 546 2213 sed
566 2154 721 2214 recordare
738 2152 789 2229 qui
806 2164 869 2213 tum
888 2151 996 2213 fuerint
1009 2173 1081 2213 con-

81 2252 178 2309 sulum
192 2248 313 2311 nomine
328 2251 437 2322 hostes,
453 2249 505 2326 qui
525 2249 580 2310 soli
596 2250 627 2308 in
645 2251 700 2309 hac
716 2251 789 2311 urbe
810 2260 946 2310 senatum
966 2250 1080 2310 senatui

80 2365 182 2421 parere
200 2365 262 2405 non
281 2344 390 2419 sierint,
405 2345 564 2423 edictoque
578 2365 632 2406 suo
652 2366 713 2405 non
729 2347 843 2406 luctum
861 2345 993 2423 patribus
1013 2365 1082 2406 con·

81 2442 203 2521 scriptis,
220 2444 273 2502 sed
287 2441 398 2502 indicia
411 2444 507 2503 luctus
526 2441 699 2503 ademerint.
742 2453 772 2503 at
787 2454 848 2503 erat
861 2462 980 2503 mecum
994 2463 1082 2503 cunc-

81 2551 128 2599 tus
143 2552 278 2616 equester
292 2540 380 2600 ordo:
404 2557 494 2615 quem
508 2538 630 2615 quidem
643 2538 674 2599 in
688 2539 878 2600 contionibus
897 2541 1019 2599 saltator
1032 2540 1081 2602 ille

44 2662 68 2700 25
82 2635 226 2697 Catilinae
248 2636 352 2694 consul
372 2633 593 2712 proscriptionis
618 2634 843 2697 denuntiatione
864 2637 1000 2697 terrebat
1050 2648 1082 2697 at

81 2743 144 2792 tota
166 2732 252 2792 ltalia
272 2742 468 2792 convenerat:
489 2731 539 2792 cui
559 2729 681 2809 quidem
701 2732 772 2793 belli
792 2731 925 2792 intestini
946 2743 977 2792 et
995 2733 1082 2793 vasti*

81 2828 148 2887 tatis
163 2838 260 2888 metus
274 2826 459 2888 inferebatur.

142 2924 280 2982 XXXVI
322 2922 415 2984 Hisce
434 2943 490 3001 ego
508 2923 623 2984 auxiliis
642 2925 831 2988 studentibus
849 2934 939 3000 atque
953 2922 1082 2985 incitatis

81 3023 125 3083 uti
139 3041 197 3095 me,
213 3019 389 3093 Laterensis,
400 3019 533 3097 potuisse
546 3022 702 3095 confiteor,
718 3022 772 3082 sed
786 3031 848 3081 erat
862 3039 923 3079 non
937 3019 1008 3093 iure,
1020 3040 1081 3081 non

44 3150 70 3188 30
82 3119 204 3195 legibus,
219 3135 281 3176 non
296 3115 491 3192 disceptando
506 3118 723 3179 decertandum
748 3116 831 3195 (nam
845 3114 987 3191 profecto,
1002 3134 1085 3192 prae·

81 3215 181 3276 sertim
196 3225 255 3274 tam
266 3215 347 3272 bona
360 3212 391 3272 iu
405 3232 502 3285 causa,
514 3233 689 3290 numquam,
714 3232 774 3290 quo
792 3211 881 3273 ceteri
895 3231 983 3290 saepe
994 3215 1085 3274 abun·
1156 3206 1162 3216 ¹

81 3312 196 3384 darunt,
218 3310 250 3369 id
272 3307 346 3367 mihi
366 3307 422 3384 ipsi
442 3308 583 3368 auxilium
604 3327 709 3371 meum
730 3303 891 3384 defuisset),
912 3308 1000 3368 armis
1020 3310 1083 3382 fuit,

81 3407 178 3482 armis,
200 3407 333 3484 inquam,
354 3405 409 3466 fuit
430 3405 644 3482 dimicandum,
670 3407 782 3484 quibus
802 3427 823 3468 a
839 3405 937 3466 sers'xs
961 3417 1064 3472 ‘sasque
1079 3423 1107 3456 a

953 3517 1052 3582 γ’).
