2406 3788
106 197 144 256 90
398 178 488 238 PRO
519 177 583 238 CN.
605 177 807 238 PLANCIO
878 175 972 258 [XIII
993 180 1106 255 531..

471 486 643 570 CHAPTER
665 520 735 570 xm

152 662 171 708 l.
188 664 226 709 14.
260 658 360 720 obesse]
379 659 417 709 ‘to
433 660 466 710 be
481 675 497 708 a
513 659 684 724 presumption
700 656 816 724 against’
827 660 841 719 5
857 674 886 724 23
898 659 916 708 l.
929 671 952 722 5.
987 658 1106 710 Plancius

105 723 147 773 the
157 726 225 773 elder
236 724 286 774 had
294 726 367 774 made
377 724 480 774 himself
487 725 655 788 disagreeable
667 732 693 773 to
705 726 747 772 the
760 724 863 788 leading
878 725 1002 774 members
1018 724 1048 775 of
1060 724 1106 774 the

105 797 197 847 senate,
213 790 285 850 (Intr.
303 786 370 853 54);
392 788 523 845 therefore,
534 789 669 852 according
682 795 710 838 to
725 788 767 837 the
782 789 845 838 view
859 787 889 837 oi
903 789 1051 849 Laterensis,
1061 788 1106 838 the

105 854 263 904 intercession
275 853 304 903 oi
312 854 354 903 the
363 853 444 902 father
454 853 481 902 in
492 852 531 902 his
542 850 608 902 son’s
618 852 706 903 behaif
714 852 798 902 would
810 853 843 902 be
853 868 923 902 more
934 852 1012 917 likely
1022 860 1049 903 to
1060 852 1106 902 tell

105 919 200 983 against
211 919 263 968 him
275 919 335 967 than
344 918 370 966 in
380 917 419 966 his
429 916 524 967 favour.

151 1012 350 1074 pater-uenat]
372 1013 439 1076 quod
462 1014 495 1061 de
515 1019 585 1075 patre
604 1013 673 1070 dicit,
689 1013 752 1062 iilud
767 1021 820 1072 est;
836 1030 893 1064 cum
910 1014 1025 1079 princeps
1040 1020 1106 1065 esset

106 1080 293 1142 publicanorum
304 1079 352 1127 Cn.
366 1076 462 1125 Plancii
472 1085 552 1141 pater,
564 1085 589 1126 et
602 1078 707 1126 societas
721 1079 809 1126 eadem
826 1079 852 1127 in
868 1080 1012 1129 exercendis
1025 1080 1104 1131 ,vecti-

106 1142 203 1206 galibus
212 1142 359 1207 gravissimo
369 1142 462 1191 damno
474 1142 599 1190 videretur
614 1142 720 1199 adlecta,
736 1143 904 1193 desideratum
920 1150 957 1193 est
973 1143 1001 1192 in
1016 1151 1105 1195 senatu

106 1207 206 1256 nomine
223 1207 418 1270 publicanorum,
438 1211 466 1254 ut
485 1220 541 1254 cum
557 1205 593 1254 eis
609 1206 673 1255 ratio
689 1213 816 1270 putaretur
831 1208 887 1272 lege
904 1207 1059 1272 Sempronia,
1077 1215 1106 1257 et

106 1271 255 1322 remissionis
272 1277 368 1319 tantum
382 1270 451 1319 fieret
467 1270 500 1317 de
516 1285 612 1318 summa
627 1271 741 1334 pecunia,
758 1279 878 1335 quantum
894 1273 1005 1336 aequitas
1021 1279 1105 1336 postu·

106 1336 175 1396 latet,
189 1350 235 1400 pro
245 1336 383 1399 quantitate
393 1334 548 1393 damnorum,
562 1334 651 1397 quibus
662 1334 758 1384 fuerant
769 1336 853 1385 hostili
864 1336 1005 1387 incursione
1013 1336 1104 1386 vexati.

108 1400 196 1448 Adfuit
219 1399 293 1462 igitur
315 1398 407 1447 Caesar
428 1413 518 1447 causae
539 1398 734 1461 publicanorum.
771 1401 885 1450 Caesaris
900 1400 1030 1450 desideriis
1046 1415 1105 1450 con·

108 1464 206 1513 tradixit
221 1479 267 1529 pro
282 1462 367 1526 vigore
383 1462 488 1512 duritiae
505 1477 565 1512 suae
584 1464 621 1513 M.
642 1462 715 1524 Cato,
736 1471 761 1513 et
780 1465 848 1514 diem
865 1472 946 1515 totum
962 1465 1105 1529 prolixitate

107 1529 225 1578 orationis
241 1543 299 1577 suae
316 1528 455 1593 occupavit,
472 1533 500 1576 ut
516 1535 615 1577 senatus
632 1528 781 1577 decernendi
797 1531 905 1592 spatium
924 1544 976 1579 non
992 1530 1105 1579 haberet.

109 1594 142 1643 Et
162 1593 189 1643 id
210 1600 308 1657 tempus
330 1608 388 1656 ergo
410 1592 551 1641 Laterensis
571 1592 733 1642 denotaverat
755 1593 906 1642 invidiosum
928 1593 1032 1643 Plancio
1052 1609 1106 1644 esse

108 1658 230 1717 debuisse,
242 1658 373 1723 quominus
385 1656 453 1706 fieret
464 1657 559 1713 aedilis,
571 1658 672 1721 quando
682 1664 754 1722 pater
764 1658 816 1707 eius
831 1658 953 1722 quaedam
969 1657 1071 1707 liberius
1080 1666 1107 1708 et

108 1727 213 1773 exertius
223 1725 341 1773 adversus
351 1723 472 1786 quosdam
483 1722 603 1786 primores
614 1731 714 1772 senatus
724 1722 751 1771 in
759 1722 949 1835 publicanorum
956 1722 1107 1786 allegatione

108 1787 217 1838 dixisset.
252 1788 283 1837 Id
300 1793 399 1836 revocat
415 1793 499 1836 orator
514 1787 547 1835 ad
563 1786 742 1843 defensionem,
770 1786 857 1836 icuisse
873 1786 959 1836 dicens
974 1786 1107 1852 unicuique

108 1853 140 1902 de
150 1856 200 1903 suis
210 1853 305 1902 iniuriis
316 1852 392 1902 libere
404 1851 529 1915 conqueri
564 1863 662 1901 serron.
673 1863 793 1901 curros.

155 1967 174 2014 1.
188 1970 226 2014 1³.
259 1964 301 2025 ut]
317 1965 377 2014 used
389 1964 419 2013 of
426 1981 458 2014 an
469 1965 613 2029 impossible
624 1963 779 2029 supposition
796 1970 840 2027 put
858 1962 1067 2028 interrogatively,
1079 1970 1106 2015 to

108 2044 207 2093 express
223 2029 379 2093 indignation
396 2044 467 2078 orsu
498 2031 553 2088 rise,
571 2029 658 2078 Madv.
671 2031 715 2078 Gr.
727 2030 741 2087 5
753 2042 799 2091 353
814 2029 871 2086 obs..
884 2030 941 2077 Rob
972 2031 1019 2088 115
1034 2031 1103 2092 1708,

110 2093 193 2142 Kenn.
205 2095 250 2144 Gr.
261 2109 287 2156 p.
300 2096 356 2154 438,
368 2093 459 2156 Zumpt
495 2091 610 2154 r.5609.
644 2093 684 2142 Cf.
700 2093 772 2141 Verr.
790 2104 824 2140 111
844 2045 1057 2151 meritricio
1071 2099 1108 2143 ut

108 2163 194 2206 arator
206 2159 369 2206 decumanum
376 2156 564 2220 persequaturi,
579 2157 634 2206 Cat.
650 2159 685 2215 15
697 2170 726 2206 υ
742 2163 771 2205 tu
785 2162 818 2204 ut
832 2157 912 2206 ullam
920 2157 1014 2221 sugam
1031 2157 1107 2206 medi·

109 2221 173 2270 tere?
187 2227 216 2270 tu
232 2228 266 2270 ut
279 2221 383 2269 exilium
398 2221 489 2283 cogites,
505 2221 581 2270 Tusc.
599 2232 621 2269 11
636 2223 650 2280 5
665 2234 696 2282 43
712 2237 783 2284 egone
798 2229 832 2269 ut
846 2228 869 2270 te
879 2221 1047 2285 interpellem?
1065 2226 1107 2271 ‘to

109 2285 182 2335 think
199 2286 229 2334 of
243 2300 286 2348 my
302 2285 394 2333 interm
414 2285 468 2348 ting
483 2284 560 2348 youl'
592 2288 622 2334 ln
637 2288 735 2334 indicto
752 2286 859 2346 captiti]
877 2293 922 2336 not
939 2286 999 2349 only
1016 2301 1032 2335 a
1049 2285 1107 2338 trial

109 2349 148 2399 sor
163 2348 206 2399 life
221 2349 267 2397 but
286 2363 335 2412 any
349 2300 413 2397 trini
422 2349 503 2423 which
520 2349 605 2398 aiiects
621 2365 637 2397 a
652 2347 732 2398 man’s
747 2351 865 2413 standing
880 2365 908 2399 as
923 2365 940 2401 a
955 2351 1052 2407 citioeru
1067 2350 1107 2401 his

109 2413 1107 2541 itltiltili‘li‘ttlb{bittititttt‘ttti‘ttuittl'tti

734 2513 741 2538 ,
767 2511 774 2524 .
858 2514 865 2529 .
999 2512 1006 2526 .

109 2545 180 2604 ¹02⁴·

156 2659 228 2706 th.
260 2659 291 2706 in
308 2657 476 2705 umtaauone
493 2656 736 2717 mrtunuum]=de
753 2654 893 2716 fortunis,
909 2655 947 2704 ‘in
966 2671 982 2706 a
997 2654 1107 2721 stmggie

110 2722 149 2770 ior
159 2721 198 2770 his
208 2719 260 2770 all)
293 2721 333 2771 cf.
345 2724 358 2780 5
372 2733 399 2781 ῃ
413 2721 430 2768 l.
444 2733 457 2780 3
469 2721 534 2769 viae
543 2721 749 2770 dimicationes
762 2723 881 2770 ‘contests
892 2720 930 2769 sor
940 2719 1002 2780 lite:
1012 2737 1049 2770 or.
1060 2736 1107 2786 pro

110 2788 176 2836 Mur.
187 2789 228 2847 58
243 2787 271 2835 in
287 2786 399 2850 capitis
409 2784 606 2844 dimicatione,
620 2801 657 2834 or.
668 2786 701 2834 de
712 2800 783 2848 prov.
795 2800 863 2834 cons.
874 2786 888 2844 5
901 2800 939 2847 ²3,
953 2800 990 2834 or.
1002 2801 1028 2849 p.
1040 2786 1106 2835 Rab.

110 2852 181 2916 perd.
199 2854 213 2912 5
232 2864 246 2914 5
265 2852 294 2900 in
316 2857 389 2899 tanta
410 2848 604 2899 dimicatione
628 2850 723 2913 capitis,
743 2849 833 2913 famae
849 2849 1109 2914 fortunarumque

110 2917 231 2976 omnium,
243 2930 279 2965 or.
294 2931 319 2979 p.
332 2915 387 2963 Mil.
404 2915 419 2973 5
438 2927 483 2962 100
501 2913 526 2962 si
541 2929 603 2977 quae
617 2915 656 2963 vis
671 2920 707 2964 est
719 2910 820 2978 parata,
836 2914 860 2963 si
874 2929 938 2978 quae
953 2913 1107 2964 dimicatio

110 2981 327 3046 copitissutura‚
341 2994 378 3029 or.
389 2995 415 3043 p.
428 2977 499 3027 Balb.
513 2980 527 3038 5
540 2993 579 3041 23·

158 3096 177 3142 1.
190 3097 229 3142 1¹1.
262 3093 319 3155 qul]
335 3108 369 3142 sc.
383 3097 481 3206 pater.
505 3095 677 3168 turpissimus
698 3091 804 3167 pertinet
823 3090 855 3140 ad
876 3090 953 3140 vitam
971 3097 997 3142 et
1015 3105 1104 3150 mores,

109 3159 310 3217 sordidissimus,
332 3158 364 3207 ad
402 3164 530 3220 ignitatem
549 3172 646 3220 genens
664 3164 690 3206 et
711 3157 813 3205 ordmrs.
846 3167 964 3205 wmsxu.
1002 3155 1106 3206 Trans:

115 3223 191 3271 ‘were
200 3221 233 3271 he
244 3237 301 3272 ever
311 3238 339 3271 so
351 3222 455 3285 moraliy
466 3222 600 3285 depraved,
612 3237 670 3271 ever
680 3237 709 3271 so
720 3217 870 3270 base-bom!

158 3334 178 3380 1.
189 3336 226 3380 18.
258 3335 317 3392 ipso
334 3337 440 3383 nominc
456 3337 545 3393 patrio
563 3333 626 3394 oen]
646 3333 694 3398 ‘by
708 3333 748 3382 his
763 3347 831 3382 mere
847 3346 921 3382 name
936 3331 966 3381 ot
979 3329 1059 3381 father
1074 3332 1107 3383 he

112 3396 195 3446 would
205 3396 268 3446 have
279 3397 399 3447 influence
411 3399 471 3448 with
482 3398 593 3449 merciful
604 3400 654 3449 and
664 3399 818 3450 considerate
826 3395 932 3462 judges!
