2406 3788
119 200 155 252 14
377 176 424 235 M
451 175 585 234 TVLLI
608 171 854 234 CICERONIS
965 167 1059 251 [XIII
1074 189 1112 247 33

116 307 206 369 dum’
247 324 317 382 ergo
339 303 366 365 ei
386 302 499 364 serendi
520 314 596 376 sunt,
612 302 663 378 qui
681 303 740 363 hoc
758 311 929 378 queruntur,
947 298 1113 359 libertatern

116 401 222 478 equitis
236 401 365 460 Romani
383 420 414 460 se
433 401 506 458 ferre
522 418 585 458 non
603 402 715 475 posse?
755 397 877 457 ubinam
891 394 940 455 ille
954 397 1041 454 mos?
1060 395 1113 454 ubi

114 496 165 557 illa
182 496 314 573 aequitas
335 495 426 556 iuris?
447 497 498 556 ubi
516 495 567 555 illa
585 495 707 571 antiqua
724 493 852 568 libertas,
869 511 946 569 quae
965 491 1049 551 malis
1063 510 1114 567 op

114 609 215 666 pressa
235 590 369 650 civilibus
393 593 534 650 extollere
557 590 617 649 iarn
639 600 780 667 caputet
804 589 964 664 aliquando
984 597 1114 647 recreata

115 692 146 745 s'e
168 685 277 763 erigere
291 687 441 745 debebat?
482 684 615 762 equitum
637 704 692 761 ego
708 688 912 744 Romanorum
932 683 964 741 in
978 681 1114 742 homines

115 782 312 843 nobilissimos
347 782 513 856 maledicta,
541 783 768 860 publicanorum
802 783 834 842 in
865 783 901 856 Q.
932 781 1112 852 Scaevolam,

3 948 6 953 ¹
56 929 58 934 .
114 879 209 939 virum
230 880 368 941 omnibus
388 880 507 956 ingenio
528 879 637 940 iustitia
658 880 824 957 integritate
844 888 1051 956 praestantem,
1070 897 1114 938 as·

114 996 184 1052 pere
216 987 246 1037 et
277 977 412 1036 ferociter
439 987 468 1036 et
495 977 587 1036 libere
621 975 702 1037 dicta
729 977 983 1036 commemorem?
1037 977 1114 1034 XIV

115 1073 229 1132 consuli
251 1076 282 1132 P.
299 1072 426 1132 Nasicae
448 1092 556 1149 praeco
575 1071 701 1133 Granius
723 1072 823 1132 medio
842 1071 872 1131 in
887 1073 960 1143 loro,
976 1091 1045 1131 cum
1063 1072 1114 1132 ille

115 1168 214 1229 edicto
241 1154 352 1228 iustitio
380 1170 502 1229 domurn
530 1170 680 1229 decedens
710 1179 842 1246 rogasset
870 1167 1014 1229 Granium
1041 1167 1113 1244 quid
1128 1169 1153 1220 ιε’»

115 1264 203 1325 tristis
230 1268 329 1325 esset?
356 1285 393 1325 an
417 1267 499 1342 quod
523 1265 649 1326 reiectae
673 1266 827 1325 auctiones
851 1267 967 1325 essent?
1005 1262 1113 1325 ‘immo

114 1360 195 1422 vero'
211 1360 307 1437 inquit
323 1363 417 1438 ‘quod
438 1361 618 1439 legationes?
659 1363 740 1422 idem
755 1363 873 1423 tribuno
890 1361 995 1439 plebis,
1011 1372 1113 1438 poten-

114 1458 227 1519 tissimo
247 1459 368 1532 homini,
386 1462 428 1519 M.
446 1462 553 1533 Druso,
569 1461 622 1519 sed
636 1462 729 1520 multa
742 1459 773 1519 in
787 1478 818 1518 re
832 1459 952 1536 publica
969 1459 1111 1532 molienti,

115 1576 182 1616 cum
197 1556 246 1616 ille
261 1576 330 1617 eum
344 1559 499 1617 salutasset
512 1565 546 1629 et,
561 1568 595 1616 ut
608 1560 650 1630 fit,
666 1556 789 1618 dixisset
805 1557 889 1633 ‘quid
903 1556 975 1634 agis,
991 1556 1113 1616 Granii'

114 1652 266 1730 respondit
280 1652 386 1714 ‘immo
400 1674 470 1715 vero
480 1665 520 1727 tu,
532 1657 637 1726 Druse,
650 1653 721 1729 quid
733 1654 824 1732 agis?'
844 1653 893 1713 ille
903 1657 935 1712 L.
947 1652 1053 1724 Crassi,
1064 1652 1113 1714 ille
1128 1676 1136 1701 1

115 1750 158 1809 M.
174 1748 288 1809 Antoni
311 1751 493 1810 voluntatem
508 1750 704 1827 asperioribus
718 1749 830 1811 facetiis
845 1768 934 1825 saepe
947 1748 1113 1825 perstrinxit

113 1845 243 1922 impune
289 1865 369 1906 nunc
397 1867 491 1924 usque
516 1867 553 1908 eo
581 1858 626 1908 est
654 1867 796 1924 oppressa
817 1857 917 1906 nostra
940 1844 1112 1922 adrogantia

114 1939 224 2013 civitas,
240 1951 281 2013 ut,
296 1960 372 2016 quae
393 1943 447 2002 luit
468 1943 538 2002 olim
558 1943 698 2020 praeconi
718 1942 749 2001 in
769 1942 903 2013 ridendo,
921 1960 1001 2000 nunc
1021 1939 1112 2017 equiti

62 2037 100 2097 ³4
116 2035 254 2096 Romano
269 2036 300 2096 in
313 2040 458 2112 plorando
473 2057 534 2099 non
553 2039 591 2098 sit
608 2058 750 2099 concessa
768 2038 894 2097 libertas.
937 2056 1014 2112 quae
1033 2036 1112 2095 enim

113 2149 254 2207 umquam
270 2150 329 2189 vox
346 2132 400 2190 suit
419 2131 532 2191 Plancii
548 2132 745 2191 contumeliae
764 2130 861 2209 potius
875 2149 966 2205 quarn
981 2128 1113 2189 doloris?
1126 2155 1151 2180 20

114 2225 187 2303 quid
208 2238 253 2287 est
266 2237 365 2286 autem
386 2246 529 2303 umquam
550 2237 680 2303 questus
695 2226 752 2285 nisi
770 2245 837 2285 cum
852 2245 871 2284 a
885 2223 972 2284 sociis
993 2234 1022 2283 et
1042 2242 1062 2281 a
1081 2242 1112 2283 se

34 2350 40 2365 ·
113 2321 248 2381 iniuriam
269 2324 474 2399 propulsaret?
504 2342 572 2382 curn
590 2332 709 2381 senatus
724 2320 914 2399 impediretur
927 2338 987 2394 quo
1004 2318 1110 2391 minus,

114 2415 146 2477 id
159 2419 241 2492 quod
254 2417 390 2478 hostibus
404 2436 520 2495 semper
536 2427 597 2477 erat
611 2416 760 2490 tributum,
776 2434 950 2493 responsum
965 2414 1113 2490 equitibus

113 2513 259 2573 Romanis
279 2514 458 2587 redderetur,
474 2513 612 2574 omnibus
633 2512 684 2572 illa
703 2511 809 2572 iniuria
829 2510 925 2572 dolori
945 2499 999 2571 luit
1019 2511 1113 2588 publi·

113 2608 204 2682 canis,
216 2610 269 2670 sed
284 2628 351 2670 eum
365 2610 463 2686 ipsum
477 2610 611 2669 dolorem
625 2609 674 2667 hic
689 2608 754 2669 tulit
768 2608 857 2684 paulo
871 2606 1007 2683 apertius.
1035 2627 1113 2668 com·
1126 2633 1149 2670 τε

113 2703 211 2764 munis
232 2703 280 2764 ille
302 2723 405 2763 sensus
419 2703 450 2762 in
464 2703 529 2763 aliis
543 2705 666 2763 fortasse
684 2703 782 2763 latuit:
802 2701 860 2775 hic,
875 2703 958 2779 quod
979 2723 1047 2762 cum
1068 2723 1113 2764 ce-

114 2799 183 2861 teris
203 2800 304 2861 animo
326 2800 481 2872 sentiebat,
496 2801 528 2861 id
546 2800 640 2878 magis
654 2820 743 2877 quam
757 2799 846 2862 ceteri
859 2812 889 2861 et
902 2802 984 2861 voltu
997 2821 1113 2878 promp

62 2902 100 2959 35
114 2906 176 2955 tum
191 2896 295 2957 habuit
315 2907 344 2957 et
363 2894 470 2973 lingua.
513 2917 703 2974 quamquam,
718 2896 1012 2974 iudices—agnosco
1033 2897 1113 2958 enim

115 3010 151 3051 ex
172 2996 406 3070 me—permulta
418 2993 450 3053 in
465 2993 627 3066 Plancium,
643 3012 719 3070 quae
737 2995 776 3053 ab
796 3012 832 3054 eo
851 3007 1015 3070 numquam
1033 2993 1114 3054 dicta

114 3098 191 3160 suut,
217 3091 414 3150 conferuntur.
458 3109 513 3167 ego
536 3089 605 3166 quia
628 3089 697 3150 dico
720 3087 832 3166 aliquid
858 3089 1027 3166 aliquando,
1051 3108 1112 3150 non
1126 3111 1153 3148 ³0

115 3180 212 3239 studio
226 3184 381 3256 adductus,
397 3184 451 3245 sed
469 3196 520 3245 aut
539 3183 730 3246 contentione
749 3185 934 3246 dicendi'aut
953 3184 1111 3257 lacessitus,

114 3283 144 3334 et
165 3275 242 3350 quia,
263 3286 296 3334 ut
319 3279 352 3336 fit
372 3277 404 3336 in
432 3278 541 3351 multis,
573 3277 633 3340 exit
662 3279 823 3356 aliquando
853 3278 965 3356 aliquid
996 3277 1021 3338 si
1050 3298 1112 3340 nou

114 3371 302 3444 perfacetum,
323 3381 474 3433 attamen
494 3375 617 3434 sortasse
638 3393 699 3434 non
721 3374 869 3448 rusticum,
885 3374 967 3451 quod
987 3373 1112 3452 quisque
