2406 3788
104 200 226 258 xxxii
244 195 293 280 u]
339 198 430 260 Pro
460 198 526 259 car.
548 196 749 257 Fratrem
778 195 945 256 orario
1063 214 1098 271 31

104 340 184 389 tutus
204 327 232 389 ei
253 347 302 388 me
322 329 479 398 dedebam,
502 324 551 386 cui
571 324 643 385 nihil
664 345 773 404 magno
794 345 884 404 opere
903 319 1053 398 deberem,
1073 336 1099 384 et

104 423 190 484 liuius
205 423 293 484 officii
310 423 385 483 tanti
401 423 571 483 servitutem
591 421 789 498 astringebam
811 419 980 482 testimonio
998 420 1104 498 sempi-

103 531 194 579 terno
239 520 311 580 nolo
336 532 441 592 cetera,
471 538 548 596 quae
562 538 580 577 a
594 538 644 578 me
661 519 805 578 mandata
822 529 890 578 sunt
906 516 1017 590 litteris,
1032 518 1103 578 reci·

103 626 177 675 tare:
199 615 409 692 praetermitto,
426 635 464 676 ne
477 627 529 675 aut
546 617 676 692 proferre
692 613 795 673 videar
810 613 850 674 ad
868 624 986 690 tempus
999 626 1051 675 aut
1064 634 1102 676 eo

79 738 90 774 s
103 730 209 790 genere
223 713 266 772 uti
280 712 450 786 litterarum,
462 716 546 790 quod
559 711 634 773 meis
648 710 752 771 studiis
766 709 861 788 aptius
876 729 965 787 quam
979 729 1102 772 consue-

103 808 198 869 tudini
212 807 389 869 iudiciomm
404 827 469 869 esse
482 808 624 870 videatur.

163 906 270 964 XXXI
312 908 413 981 Atque
434 905 523 965 etiam
544 903 687 977 clamitas,
707 902 888 964 Laterensis:
910 907 989 981 ‘quo
1006 921 1101 979 usque
1113 913 1152 973 75

103 1004 157 1064 ista
169 1002 261 1064 dicis?
278 1001 352 1062 nihil
362 1003 392 1062 in
402 1002 504 1080 Cispio
513 1002 676 1080 profecisti:
691 1004 844 1063 obsoletae
852 1002 911 1061 iam
922 1012 991 1061 sunt
999 1019 1101 1078 preces

103 1100 189 1161 tuae'
219 1099 258 1159 de
278 1098 381 1176 Cispio
399 1098 472 1158 mihi
492 1098 578 1176 igitur
594 1098 715 1170 obicies,
730 1117 821 1174 quem
833 1117 891 1174 ego
905 1098 943 1157 de
961 1115 1010 1156 me
1023 1096 1101 1155 bene

66 1227 91 1254 ιο
104 1197 241 1256 meritum
256 1194 325 1273 quia
339 1207 369 1257 te
383 1207 458 1257 teste
471 1215 640 1274 cognoram,
656 1207 686 1256 te
700 1197 808 1256 eodem
827 1205 946 1254 auctore
963 1192 1102 1254 defendi?

102 1306 131 1356 et
146 1293 173 1355 ei
187 1292 268 1354 dices
291 1294 502 1371 ‘quousque?’,
517 1313 606 1371 quem
620 1312 719 1370 negas,
735 1294 818 1368 quod
834 1313 889 1371 pro
908 1291 1011 1370 Cispio
1031 1311 1101 1352 con-

102 1392 255 1463 tenderim,
271 1392 426 1472 impetrare
445 1391 594 1468 potuisse?
629 1410 698 1450 nam
718 1388 801 1450 istius
817 1389 898 1451 verbi
919 1392 1099 1466 ‘quousque'

107 1491 223 1557 poterat
233 1482 307 1540 haec
318 1500 382 1540 esse
396 1479 520 1541 invidia:
545 1484 653 1540 ‘Datus
664 1492 709 1541 est
723 1479 776 1541 tibi
789 1482 846 1552 ille,
858 1481 1044 1541 condonatus
1055 1489 1099 1539 est

108 1577 169 1637 ille:
191 1597 252 1636 non
267 1577 338 1636 iacis
349 1579 457 1638 finem?
477 1579 550 1637 ferre
564 1596 626 1637 non
640 1581 815 1653 possumus.’
858 1575 894 1636 Ei
905 1576 1036 1652 quidem,
1048 1574 1098 1652 qui

69 1704 92 1740 ις
106 1676 184 1747 quod
198 1693 253 1749 pro
271 1693 332 1733 uno
351 1673 498 1747 laborarit,
513 1672 545 1733 id
563 1673 661 1750 ipsum
680 1691 742 1732 non
760 1671 929 1745 obtinuerit,
945 1670 1004 1731 dici
1021 1676 1099 1748 ‘quo

108 1770 231 1846 usque?'
247 1769 399 1830 inridentis
413 1772 505 1848 magis
520 1782 565 1831 est
575 1790 665 1847 quam
679 1767 921 1847 reprehendentis
926 1792 935 1843 3
958 1767 1014 1827 uisi
1024 1769 1099 1829 sorte

108 1887 164 1944 ego
178 1887 254 1926 unus
268 1867 308 1927 ita
322 1888 370 1928 me
386 1868 464 1946 gessi
478 1868 508 1927 in
522 1866 647 1938 iudiciis,
661 1866 746 1927 itaet
760 1886 828 1926 cum
845 1865 891 1925 his
908 1877 938 1925 et
954 1864 1031 1926 inter
1043 1865 1098 1924 hos

108 1964 174 2036 vixi,
194 1964 218 2024 is
235 1964 265 2023 in
283 1964 378 2024 causis
394 1976 544 2042 patronus,
564 1963 636 2024 isin
654 1984 685 2025 re
703 1964 825 2041 publica
843 1962 916 2023 civis
935 1974 965 2023 et
984 1945 1098 2023 sumet

107 2082 223 2138 semper
237 2062 285 2134 fui,
297 2065 376 2122 solus
390 2073 423 2122 ut
436 2083 454 2121 a
469 2074 498 2122 te
512 2060 674 2122 constituar
691 2060 743 2138 qui
760 2060 834 2120 nihil
851 2080 869 2120 a
883 2059 1032 2119 iudicibus
1049 2059 1099 2118 de

68 2189 93 2216 ιο
107 2161 192 2218 boam
203 2179 345 2236 umquam
360 2162 525 2237 impetrare.
569 2162 608 2219 Et
622 2159 694 2219 mihi
709 2158 889 2219 lacrimulam
906 2156 1040 2234 Cispiani
1054 2155 1097 2216 iu·
1110 2161 1148 2219 76

108 2256 177 2326 dicii
188 2257 327 2317 obiectas.
359 2256 402 2316 sic
413 2256 492 2316 enim
505 2254 621 2316 dixisti:
637 2255 725 2316 ‘Vidi
737 2275 792 2332 ego
803 2266 884 2314 tuam
898 2253 1098 2314 lacrimulam?

107 2347 175 2407 vide
192 2367 282 2424 quam
301 2368 349 2408 me
365 2347 447 2407 verbi
465 2347 508 2407 tui
526 2348 694 2423 paeniteat:
715 2366 777 2407 non
795 2347 887 2406 modo
906 2345 1097 2416 lacrimulam,

108 2447 161 2506 sed
177 2450 284 2506 multas
300 2446 435 2506 lacrimas
452 2457 481 2506 et
499 2447 602 2506 fletum
619 2466 687 2506 cum
704 2445 833 2522 singultu
850 2446 949 2506 videre
965 2442 1095 2521 potuisti.
1149 2513 1151 2517 ¹
1184 2435 1188 2441 ’

108 2542 155 2597 An
171 2558 234 2615 ego,
252 2541 302 2616 qui
317 2560 450 2600 meorum
468 2540 596 2601 lacrimis
611 2561 660 2601 me
676 2543 801 2601 absente
817 2539 1098 2607 commotussimul-

67 2669 92 2704 25
107 2649 188 2708 tates,
201 2657 274 2714 quas
285 2658 402 2698 mecum
413 2639 550 2710 habebat,
564 2640 750 2715 deposuisset
763 2657 908 2714 meaeque
921 2635 1023 2696 salutis
1037 2656 1098 2696 non

108 2737 200 2794 modo
218 2755 280 2795 non
298 2747 495 2813 oppugnator,
514 2749 547 2795 ut
564 2733 675 2795 inimici
695 2733 755 2812 mei
773 2745 920 2812 putarant,
938 2735 991 2793 sed
1010 2732 1099 2793 etiam

107 2833 245 2892 defensor
258 2832 368 2904 suisset,
382 2834 468 2894 huius
483 2834 513 2892 in
527 2833 660 2910 periculo
675 2853 735 2893 non
752 2831 945 2910 significarem
963 2832 1097 2891 dolorem

108 2931 231 2988 meum?
257 2932 305 2988 Tu
315 2941 423 3004 autem,
439 2931 614 3002 Laterensis,
626 2929 752 3006 quitum
763 2929 897 2988 lacrimas
910 2947 991 2987 meas
1001 2937 1098 3004 gratas

108 3045 173 3086 esse
187 3025 315 3099 dicebas,
330 3046 412 3086 nunc
425 3029 546 3087 easdem
560 3027 603 3089 vis
618 3027 778 3088 invidiosas
790 3024 892 3085 videri.

66 3149 91 3187 ³0
163 3129 290 3189 XXXII
331 3129 432 3205 Negas
455 3126 638 3187 tribunatum
658 3126 771 3187 Plancii
789 3125 948 3205 quicquam
968 3128 1102 3192 attulisse
1123 3137 1160 3198 77

102 3223 266 3287 adiumenti
290 3223 425 3301 dignitati
446 3244 539 3299 meae,
563 3235 654 3300 atque
673 3225 732 3284 hoc
752 3225 829 3296 loco,
850 3227 932 3302 quod
952 3225 1101 3290 verissime

102 3326 198 3383 facere
225 3333 320 3398 potes,
350 3323 383 3380 L
413 3320 528 3391 Racilii,
557 3319 707 3380 fortissimi
731 3330 761 3379 et
784 3322 1015 3383 constantissimi
1037 3322 1099 3396 viri,

102 3419 202 3480 divina
222 3418 253 3477 in
274 3437 322 3478 me
342 3417 446 3478 merita
466 3435 689 3478 commemoras.
728 3414 776 3474 cui
796 3415 927 3493 quidem
939 3418 1121 3492 egmnus&
