2406 3788
93 194 174 277 sss]
485 174 671 259 ’ΝΟΜ
1055 216 1091 276 n

139 327 261 390 dumus]
278 326 343 376 Inde
358 326 508 376 transcendit
521 325 554 375 ad
567 325 708 390 exemplum
723 325 812 376 famosi
827 325 953 390 quondam
968 328 1095 390 praeconis

92 390 126 454 Q.
144 392 249 442 Granii
271 399 296 441 et
315 391 429 455 adprime
447 390 603 450 dicacissimi‚
623 405 698 455 quem
716 405 774 439 cum
793 390 876 439 edicto
894 390 996 447 iustitio,
1013 390 1040 439 id
1058 400 1095 441 est

91 455 220 520 praedicto
241 456 268 505 in
289 470 316 504 re
334 471 361 520 p.
379 463 491 520 tempore
510 471 562 520 quo
582 455 645 503 nihil
666 462 780 518 ageretur
800 455 910 503 civilium
928 454 1092 518 negotiorum,

92 518 186 568 Nasica
203 520 289 569 consul
306 519 504 584 compellavisset
522 519 624 568 obvium
641 519 689 568 sibi
705 519 769 568 sorte
786 519 926 568 venientem
945 518 1095 584 dixissetque

91 583 245 633 ioculariter:
262 584 362 640 ‘Grani
377 584 439 647 quid
453 583 529 632 tristis
544 584 588 633 es?
608 599 642 632 an
656 584 724 646 quod
741 584 868 632 auctiones
885 584 989 634 reiectae
1005 583 1094 633 suntt'

92 648 201 708 (Scimus
216 648 283 697 enim
299 649 462 712 praeconibus
477 648 603 697 auctiones
618 647 708 696 fructui
722 663 784 703 esse,
801 648 870 711 quod
886 662 932 712 per
948 663 991 697 eos
1010 650 1094 698 omnia

92 711 271 762 distrahantur:
299 713 344 761 illo
365 720 448 761 autem
470 712 565 761 iustitio
586 727 632 761 nec
654 711 723 776 ipsae
745 718 859 774 poterant
880 713 1012 772 exercent:
1036 713 1094 764 huic

92 777 121 826 P.
136 776 248 841 Scipioni
263 776 415 826 econtrario
429 792 480 826 non
494 777 548 826 siue
562 791 645 826 morsu
662 776 784 826 stomachi
800 777 956 839 respondisse
973 777 1093 828 Granium

90 841 166 891 dicit:
184 842 275 890 ‘immo
292 841 349 890 ideo
366 841 442 890 tristis
459 857 521 902 sum,
541 842 609 906 quod
625 840 763 905 legationes
780 841 885 889 reiectae
906 839 972 890 sint?
1004 842 1092 892 Voluit

90 912 174 954 autem
193 906 314 968 pudorem
336 905 444 954 Nasicae
462 907 570 955 consulis
590 905 755 970 perstringere
776 904 826 954 hoc
843 905 997 954 amarissimo
1016 905 1091 955 dicto.

90 970 117 1017 N
120 985 161 1018 am
172 970 308 1033 legationes
319 970 352 1018 ab
362 971 469 1020 externis
481 971 579 1035 populis
591 970 680 1020 missae
691 971 725 1019 ad
735 977 847 1020 senatum
858 969 972 1018 solebant
983 969 1092 1020 ordinari

91 1049 139 1098 pro
156 1035 283 1083 voluntate
300 1035 430 1084 consulum
435 1051 443 1094 ς
465 1051 527 1098 quas
544 1035 689 1098 plerumque
704 1034 792 1097 gratia,
809 1049 996 1098 nonnumquam
1012 1041 1038 1084 et
1053 1050 1093 1084 ac·

91 1106 168 1162 cepta
185 1099 290 1163 pecunia
308 1099 422 1148 consules
439 1099 595 1158 ordinabant,
615 1105 642 1148 ut
660 1098 782 1147 introduci
799 1099 833 1147 ad
849 1106 962 1147 senatum
984 1106 1093 1162 possent.

91 1174 186 1212 senon.
198 1175 319 1212 Anonos.
353 1163 386 1225 Q.
398 1163 540 1220 Granius,
554 1177 588 1211 an
598 1162 740 1211 auctioneer
751 1164 826 1223 (Hor.
840 1163 873 1211 A.
886 1164 915 1210 P.
927 1165 994 1227 4¹9),
1007 1164 1092 1214 whose

91 1227 135 1276 wit
146 1227 196 1275 and
207 1228 300 1276 caustic
310 1227 417 1276 humour
427 1227 501 1276 made
511 1226 563 1274 him
575 1227 671 1274 famous
682 1242 774 1290 among
783 1227 822 1275 his
833 1229 1050 1293 contemporaries,
1064 1244 1092 1278 so

90 1291 146 1341 that
163 1291 275 1341 Lucilius
291 1292 431 1356 frequently
445 1291 535 1355 speaks
550 1291 579 1340 oi
592 1291 644 1339 him
661 1291 687 1338 in
703 1290 742 1340 his
758 1291 844 1340 satires
862 1292 941 1351 (Brut.
954 1294 967 1352 5
981 1292 1039 1344 160:
1056 1293 1093 1342 ita

89 1357 178 1404 tacitus
197 1356 339 1404 tribunatus
361 1353 460 1420 (Crassi
477 1355 552 1420 suit),
575 1360 605 1403 ut
625 1355 680 1403 nisi
697 1355 726 1404 in
747 1370 773 1404 co
794 1357 939 1419 magatratn
960 1359 1093 1408 cenavisset

89 1420 161 1483 apud
171 1428 344 1484 praeconem
368 1419 515 1470 Granium
537 1420 609 1483 capue
626 1419 693 1468 nebai
714 1419 751 1467 bis
771 1420 924 1469 narravisset
942 1422 1090 1484 Lucilius,

89 1484 221 1532 tribunum
230 1485 308 1548 plebis
318 1485 462 1534 nesciremus
464 1484 554 1548 sueise,
567 1485 600 1533 ib.
612 1485 626 1543 5
640 1496 683 1548 172
696 1485 800 1532 memini
814 1485 842 1533 Τ.
856 1486 960 1534 tineam
970 1487 1093 1535 bominem

85 1549 264 1612 facetissimum
286 1564 342 1597 cum
361 1548 495 1612 familiari
515 1555 597 1597 nostro
618 1549 648 1609 Q.
670 1548 784 1598 Granio
806 1555 947 1610 praecone
966 1550 1093 1600 dicacitate

89 1620 229 1662 certantem.
262 1612 338 1670 Eon‘,
362 1613 447 1676 inquit
471 1615 577 1672 Brutus,
601 1612 630 1660 de
654 1628 702 1675 quo
729 1613 823 1661 multa
850 1613 1001 1670 Lucilius,
1029 1615 1090 1678 frag.

90 1676 194 1726 Lucilii:
211 1683 235 1726 et
250 1679 302 1726 iam
320 1677 434 1726 Corium
446 1677 475 1724 in
491 1693 576 1726 vasus
591 1677 684 1725 dutum
698 1676 855 1738 praeconis
873 1677 978 1726 volebam
997 1679 1095 1727 Grani

89 1748 132 1805 ap.
143 1742 202 1791 Aul.
215 1741 272 1791 Gell
284 1743 320 1791 N.
331 1743 365 1791 A.
379 1752 409 1790 1v
423 1752 460 1803 17,
478 1741 614 1790 Granius
631 1749 713 1790 autem
728 1756 777 1789 non
792 1747 941 1789 contemnere
952 1757 978 1790 se
991 1748 1014 1790 et
1028 1758 1092 1805 reges

89 1805 166 1856 odc'su
181 1807 293 1870 neperbos
310 1823 351 1870 ap.
373 1804 428 1854 Cic.
443 1821 484 1869 ep.
501 1807 533 1854 ad
550 1807 605 1855 Att.
621 1817 651 1854 v:
666 1821 681 1868 3
698 1806 711 1864 5
725 1805 758 1864 7),
778 1805 828 1853 and
841 1805 884 1854 the
900 1821 973 1854 name
989 1805 1091 1856 became

89 1883 105 1919 a'
119 1871 259 1934 proverbial
270 1869 413 1935 expression
427 1869 467 1918 for
478 1885 494 1918 a
507 1870 565 1919 m'an
580 1871 610 1918 os
623 1869 666 1918 wit
682 1870 734 1937 lep.
744 1869 776 1916 ad
787 1869 847 1918 fam.
860 1880 891 1917 rx
905 1883 942 1927 15,
955 1883 969 1917 a
981 1876 1090 1934 tequam

89 1935 163 1995 video,
185 1951 267 1983 omnes
288 1934 356 1983 arilei
379 1934 516 1989 Granios,
536 1951 618 1983 omnes
634 1933 857 1982 Lucilios...via'ere
875 1934 974 1994 videor).
1015 1935 1091 1985 Some

90 2000 233 2063 specimens·
250 1999 280 2049 oi
297 1999 337 2048 his
359 1997 402 2047 wit
421 2013 465 2048 are
484 2000 559 2064 given
580 1999 615 2062 by
633 1998 687 2048 Cic.
710 1999 743 2047 de
763 2006 827 2049 orat.
849 1998 902 2059 115
920 2014 974 2061 244,
997 1999 1012 2059 5
1033 2014 1089 2063 254,

89 2066 220 2124 5281-2.

136 2155 156 2201 1.
168 2157 206 2201 1⁰.
242 2155 328 2201 edicto
349 2152 464 2214 iustitio]
488 2152 593 2217 ‘having
612 2153 686 2217 given
707 2151 790 2201 notice
809 2149 839 2200 oi
861 2167 878 2200 a
898 2152 1044 2217 suspensior
1064 2153 1094 2202 ol

88 2217 123 2265 all
135 2217 220 2280 public
230 2215 361 2265 business!
393 2217 455 2266 This
466 2234 517 2267 was
527 2218 554 2267 in
564 2218 638 2267 order
647 2218 701 2266 that
717 2218 759 2266 the
773 2216 850 2266 levies
865 2217 903 2265 tor
915 2218 956 2267 the
967 2235 1019 2266 war
1029 2219 1089 2267 with

35 2281 39 2289 '
87 2281 210 2346 Jugurtha
225 2282 305 2345 might
323 2283 429 2344 proceed
447 2283 552 2332 without
568 2282 741 2347 interruptiou.
774 2283 912 2344 decedens]
928 2297 963 2331 sc.
981 2298 996 2332 e
1016 2282 1089 2332 loro.

90 2343 347 2408 qmamnumaer]
367 2347 436 2410 ‘why
446 2348 479 2396 he
489 2363 541 2397 was
551 2345 612 2397 sad.¹
633 2369 636 2378 =

136 2461 155 2508 ι
168 2463 208 2508 11.
240 2471 277 2510 au
292 2462 363 2515 quod
377 2463 491 2510 numae
506 2464 643 2511 cnutone:
659 2461 759 2522 esunt]
778 2463 844 2512 ‘was
860 2462 880 2512 it
894 2460 941 2528 (tor
955 2478 1004 2527 any
1019 2462 1090 2528 thing

88 2522 139 2573 else
149 2525 188 2585 or)
204 2524 309 2572 because
323 2523 367 2573 the
381 2525 493 2574 auctions
508 2525 559 2574 had
573 2526 638 2574 been
650 2534 696 2590 put
710 2524 774 2576 offt’
807 2526 847 2577 Cf.
861 2543 901 2591 ep.
916 2528 947 2576 ad
962 2528 1012 2590 Qu.
1024 2528 1053 2577 fr.
1068 2541 1090 2576 11

90 2589 127 2651 35
138 2602 148 2635 r
161 2603 178 2636 a
188 2588 250 2637 Kal.
265 2587 320 2636 Feb.
333 2588 498 2650 legatunesin
508 2590 572 2638 Idus
585 2591 640 2639 Feb.
655 2591 869 2652 reiciebantur,
883 2592 916 2640 ad
926 2594 981 2640 Att.
995 2594 1062 2650 1.18,
1076 2604 1089 2653 7

88 2654 162 2700 etroru
178 2652 305 2715 legatabues
320 2654 458 2702 reiectum
478 2654 522 2702 iri
532 2661 604 2719 puto.
638 2653 680 2704 On
694 2655 738 2704 the
753 2671 796 2704 use
811 2655 841 2704 ol
852 2671 888 2703 an
903 2656 929 2705 in
946 2671 961 2704 a
978 2657 1091 2720 question

89 2717 236 2778 apparently
246 2715 336 2779 simple
348 2717 393 2765 but
409 2717 490 2767 which
507 2718 529 2767 is
546 2718 624 2781 really
638 2719 681 2768 the
696 2719 788 2767 second
803 2720 915 2768 member
925 2719 955 2768 of
970 2735 1002 2767 an
1018 2720 1089 2769 alter-

88 2780 171 2828 native
182 2780 303 2842 question,
316 2795 358 2830 see
374 2781 448 2846 Roby
458 2783 503 2831 Gr.
516 2793 538 2830 11
550 2785 564 2842 5
576 2797 646 2845 2255,
660 2784 773 2847 Madvig.
785 2784 829 2832 Gr.
841 2783 854 2841 5
865 2796 922 2846 453,
935 2783 1028 2848 Zumpt
1042 2784 1088 2837 Gr.

89 2844 169 2906 5353,
184 2843 267 2893 Kenn.
281 2844 326 2892 Gr.
338 2859 364 2908 p.
378 2857 433 2907 327,
446 2861 471 2897 n.
486 2862 519 2896 on
530 2847 562 2896 de
573 2847 614 2897 oli.
629 2859 662 2897 111
674 2849 688 2908 5
702 2862 747 2909 ¹05
758 2849 776 2896 l.
793 2864 831 2909 ¹4·

136 2952 203 2998 1.1a.
239 2952 309 3005 quod
319 2951 478 3012 hannones]
489 2967 523 3002 sc.
536 2953 666 3003 reiectae
678 2952 746 3003 sint.
780 2953 835 3001 The
846 2950 917 3014 point
929 2951 958 3001 ot
965 2951 1008 3002 the
1018 2951 1089 3016 reply

88 3012 133 3062 lies
144 3015 171 3062 in
182 3014 224 3063 the
234 3013 327 3062 double
338 3016 454 3079 meaning
464 3015 493 3065 ol
500 3018 604 3073 renatae,
616 3018 642 3067 in
653 3018 696 3067 the
707 3018 798 3066 lormer
808 3031 865 3064 case
873 3016 997 3072 :dilatae
1009 3016 1035 3065 in
1046 3017 1088 3066 the

88 3078 244 3127 latter=non
261 3078 373 3128 auditae:
393 3078 437 3130 the
452 3089 538 3130 senate
553 3082 631 3146 being
646 3079 775 3132 consulted
791 3080 826 3143 by
842 3078 884 3128 the
902 3080 988 3130 consul
1005 3081 1089 3130 Bestia

91 3144 98 3168 ‘
100 3142 234 3207 placeretne
250 3141 339 3205 legator
354 3143 493 3207 Iugurthae
504 3146 579 3210 reu'pt
596 3143 737 3204 moenibus‚’
753 3143 804 3193 had
821 3144 911 3206 passed
925 3160 941 3193 a
954 3145 1088 3194 resolution

88 3207 143 3255 that
158 3208 225 3256 ‘ncii
237 3222 341 3270 reguum
355 3209 483 3273 ipsumque
496 3210 604 3259 aeduum
617 3211 744 3269 venr‘ssent,
765 3207 806 3257 uti
820 3207 849 3255 in
865 3207 947 3257 deebces
958 3210 1089 3273 proxumis

87 3271 165 3319 decem
176 3272 254 3319 Italia
264 3271 416 3322 decederent)

134 3352 206 3398 tdom
212 3353 441 3409 tribuno-Druse,
452 3355 517 3410 quid
524 3353 594 3414 acta]
602 3359 627 3402 et
633 3353 696 3402 haec
702 3350 819 3400 dicacitas
825 3351 955 3414 praeconis
962 3352 1031 3403 istius
1037 3368 1088 3402 non

87 3413 169 3462 minus
184 3413 330 3462 urbanitatis
345 3414 459 3463 habuisse
472 3417 571 3466 videtur
584 3432 659 3480 quarn
675 3415 820 3479 asperitatis.
864 3415 933 3467 Nam
948 3419 985 3468 ll.
1003 3418 1088 3466 Livius
