2406 3788
111 173 204 256 V12]
298 176 387 237 Pro
418 175 482 236 cru
505 175 705 237 PLANCIO
734 175 903 236 orer-rso
1088 193 1105 254 ς

110 308 238 385 primum
252 310 343 370 debes
353 319 467 386 putare,
477 305 613 382 comitiis,
624 306 796 386 praesertim
809 305 961 380 aediliciis,
976 305 1106 367 studium

111 426 176 466 esse
196 405 307 483 populi,
320 426 382 466 non
390 405 548 479 iudicium;
565 405 717 466 eblandita
730 405 789 477 illa,
801 423 863 464 non
876 404 1031 464 enucleata
1041 422 1107 464 esse

110 501 258 578 suffragia3
286 521 348 575 eoS,
369 501 421 578 qui
441 499 610 577 suffragium
634 502 736 574 ferant,
756 498 828 576 quid
850 497 957 573 cuique
980 495 1036 574 ipsi
1056 498 1107 558 de-

110 599 200 658 beant
224 597 410 658 considerare
433 597 549 675 saepius
570 615 661 674 quam
680 596 753 673 quid
773 594 880 672 cuique
900 615 919 655 a
938 593 1108 672 republica

85 727 96 764 5
110 695 261 754 debeatur.
304 693 462 754 sinautem
482 692 575 753 mavis
593 693 667 753 illud
685 711 751 753 esse
769 690 918 764 iudicium,
934 710 995 751 non
1009 688 1063 750 tibi
1075 687 1107 749 id

109 789 339 850 rescindendum
358 799 411 863 est,
426 792 480 850 sed
498 790 660 850 ferendum.
704 789 794 847 ‘male
808 785 949 846 iudicavit
961 787 1107 863 populus!
1122 792 1158 848 ll

109 898 140 946 at
154 884 303 946 iudicavit.
348 885 554 946 ‘nondebuit’
590 895 621 945 at
634 883 741 962 potuit.
779 887 853 944 ‘non
868 885 948 943 fero?
981 893 1013 942 at
1022 884 1108 944 multi

109 979 262 1040 clarissimi
288 992 319 1042 et
345 979 552 1058 sapientissimi
579 979 658 1042 cives
681 983 818 1041 tulerunt
862 990 908 1040 est
931 977 1010 1038 enirn
1034 981 1109 1039 haec

109 1079 249 1139 condicio
262 1078 422 1139 liberorum
436 1080 616 1155 populorum
634 1075 853 1154 praecipueque
867 1075 953 1136 huius
967 1074 1108 1152 principis

72 1208 97 1234 ιο
109 1175 212 1252 populi
226 1185 255 1234 et
267 1175 400 1234 omnium
410 1175 544 1251 gentium
553 1173 667 1234 domini
675 1185 764 1251 atque
775 1172 901 1246 victoris,
910 1191 999 1249 posse
1009 1168 1109 1232 suffra-

109 1271 163 1347 giis
172 1272 218 1330 vel
233 1273 304 1332 dare
312 1273 359 1330 vel
373 1272 528 1331 detrahere
538 1270 618 1347 quod
633 1269 704 1330 velit
717 1268 839 1345 cuique:
853 1279 987 1328 nostrum
1002 1277 1046 1328 est
1055 1286 1107 1327 au·

109 1379 179 1440 tem,
187 1378 330 1439 nostrum,
341 1367 393 1443 qui
406 1365 438 1426 in
452 1367 508 1425 hac
519 1375 695 1443 tempestate
708 1364 811 1442 populi
824 1364 967 1424 iactemur
976 1375 1006 1424 et
1016 1361 1108 1422 flucti-

109 1466 172 1536 bus,
184 1467 258 1526 ferre
272 1465 391 1525 modice
402 1464 504 1541 populi
517 1465 692 1536 voluntates,
708 1463 835 1523 adlicere
848 1463 968 1537 alienas,
983 1461 1107 1523 retinere

108 1574 215 1639 partas,
225 1565 341 1639 placare
355 1564 486 1622 turbatas
494 1583 504 1636 ;
518 1563 646 1621 honores
660 1559 685 1620 si
700 1560 799 1635 magni
813 1579 875 1620 non
888 1570 1034 1636 putemus,
1044 1549 1106 1619 non

73 1684 95 1720 ιε
109 1657 214 1718 servire
222 1660 335 1734 populo
340 1677 349 1730 3
363 1657 408 1716 sin
417 1676 469 1716 eos
478 1666 657 1732 expetamus,
669 1674 732 1715 non
741 1655 892 1730 defetigari
901 1654 1104 1731 supplicando

169 1756 199 1812 V
236 1753 334 1813 Venio
349 1753 408 1812 iam
421 1755 460 1812 ad
475 1752 567 1828 ipsius
584 1751 688 1828 populi
707 1749 805 1826 partis,
821 1761 854 1809 ut
868 1749 945 1809 illius
959 1761 1063 1810 contra
1076 1761 1105 1811 te
1120 1763 1157 1821 12

110 1848 243 1909 oratione
264 1847 364 1925 potius
388 1867 479 1924 quam
501 1866 570 1907 mea
591 1847 749 1923 disputem.
800 1844 852 1922 qni
873 1843 898 1904 si
918 1854 1106 1906 tecum'con-

108 1946 256 2023 grediatnr
274 1955 304 2004 et
318 1944 343 2003 si
357 1963 417 2002 una
432 1941 515 2020 loqui
528 1961 603 2004 voce
622 1943 724 2019 possit,
741 1941 816 2002 haec
834 1942 929 2002 dicat:
953 1945 1022 2020 ‘ego
1042 1942 1104 2018 tibi,

109 2040 285 2112 Laterensis,
299 2039 452 2100 Plancium
472 2058 535 2099 non
553 2039 717 2116 anteposui,
733 2039 787 2098 sed
800 2058 869 2098 cum
888 2038 991 2100 essetis
1011 2059 1106 2116 aeque

71 2172 96 2198 πο
108 2138 181 2200 boni
198 2137 260 2211 viri,
278 2157 380 2197 meum
398 2136 576 2197 beneficium
590 2138 630 2197 ad
644 2156 713 2197 eum
726 2135 826 2214 potius
841 2136 933 2197 detuli
946 2135 999 2213 qui
1018 2156 1037 2196 a
1057 2156 1106 2197 me

109 2237 310 2307 contenderat,
323 2255 413 2311 quam
423 2236 462 2294 ad
473 2253 542 2294 eum
556 2233 608 2311 qui
622 2234 695 2293 mihi
708 2254 770 2294 non
781 2233 868 2294 nimis
882 2235 1027 2296 submisse
1042 2254 1108 2312 sup-

107 2333 248 2409 plicarat.’
302 2332 506 2409 respondebis,
521 2334 619 2405 credo,
634 2344 664 2394 te
686 2335 844 2410 splendore
860 2344 890 2393 et
903 2344 1048 2394 vetustate
1068 2334 1108 2393 fa-

108 2429 207 2490 miliae
221 2431 328 2490 fretum
343 2448 404 2489 non
418 2430 505 2488 valde
518 2429 711 2490 ambiendum
724 2441 853 2507 putasse.
885 2442 999 2491 atvero
1014 2441 1043 2490 te
1057 2429 1106 2491 ille

108 2526 147 2584 ad
172 2544 225 2584 sua
247 2523 381 2584 instituta
404 2544 585 2601 suorumque
609 2525 755 2585 maiorum
782 2527 918 2603 exempla
937 2526 1107 2587 revocabit:
1152 2570 1159 2578 .

70 2657 95 2693 25
109 2607 225 2698 semper
245 2640 277 2680 se
298 2619 377 2680 dicet
397 2620 493 2697 rogari
512 2619 648 2694 voluisse,
663 2641 781 2698 semper
801 2622 857 2682 sibi
878 2622 1054 2700 supplicari:
1074 2641 1107 2682 se

109 2719 153 2777 M.
165 2717 273 2790 Seium,
284 2715 336 2792 qui
350 2735 387 2776 ne
402 2727 569 2792 equestrem
584 2717 706 2793 quidem
721 2720 911 2794 splendorem
925 2719 1107 2780 incolumem

108 2834 127 2874 a
139 2813 306 2874 calamitate
316 2811 418 2873 iudicii
431 2813 555 2874 retinere
569 2814 721 2890 potuisset,
733 2813 848 2875 homini
861 2815 1054 2889 nobilissimo,
1066 2816 1108 2875 in-

109 2909 332 2982 nocentissimo,
341 2910 594 2986 eloquentissimo,
607 2914 650 2970 M.
665 2911 774 2985 Pisoni,
786 2912 973 2988 praetulisse;
987 2930 1108 2989 praepo·

110 3007 202 3067 suisse
216 3027 248 3066 se
263 3008 300 3082 Q.
311 3006 429 3078 Catulo,
444 3026 561 3066 summa
574 3007 605 3067 in
618 3008 730 3068 familia
746 3019 827 3081 nato,
842 3007 1059 3084 sapientissimo
1077 3021 1107 3069 et

70 3133 97 3172 30
109 3102 295 3162 sanctissimo
310 3100 381 3174 viro,
394 3121 455 3161 non
476 3101 545 3162 dico
566 3105 600 3165 C.
616 3105 783 3172 Serranum,
799 3101 1001 3163 stultissimum
1016 3102 1108 3161 homi-

109 3196 274 3259 nem-fuit
292 3195 372 3255 enim
386 3208 488 3257 >tamen
509 3197 666 3273 nobilis—,
681 3218 743 3258 non
762 3199 796 3259 C.
813 3198 982 3274 Fimbriam,
997 3219 1108 3261 novum

109 3294 356 3355 hominem-fuit
379 3293 458 3354 enim
482 3304 512 3354 et
539 3294 630 3355 animi
657 3297 728 3356 satis
755 3294 854 3372 magni
882 3307 912 3356 et
939 3295 1101 3371 consilii-,

110 3392 164 3451 sed
178 3389 232 3449 Cn.
246 3388 399 3463 Manlium,
416 3407 477 3449 non
496 3390 592 3449 solum
611 3389 782 3469 ignobilem,
795 3409 898 3451 verum
913 3392 976 3453 sine
989 3393 1104 3463 virtute,
