2406 3788
112 203 132 252 4
372 177 418 235 M
445 177 578 237 TVLLI
607 173 850 235 CICERONIS
1013 169 1111 253 [1118

111 307 175 380 tuit,
191 305 369 366 aiudieibus
389 305 635 365 condemnandus
655 315 700 364 est
718 302 769 380 qui
788 304 962 380 praeteritus
980 324 1040 365 non
1057 314 1109 364 est.

111 421 180 462 nam
202 402 227 462 si
246 403 288 461 ita
308 413 393 473 esset,
416 403 499 478 quod
519 412 616 478 patres
634 403 716 478 apud
734 401 862 461 maiores
880 414 998 463 nostros
1012 413 1113 462 tenere

110 515 173 559 non
204 506 373 572 potuerunt,
401 507 435 556 ut
469 497 695 572 reprehensores
728 505 827 555 essent
854 495 1054 566 comitiorum,
1081 495 1114 554 id

110 591 256 651 haberent
276 590 398 664 iudices
419 592 467 651 vel
488 592 570 667 quod
591 593 685 651 multo
707 591 795 650 etiam
817 590 915 650 minus
932 604 1009 653 esset
1022 594 1115 652 feren-

110 688 201 760 dum3
228 697 292 746 tum
313 686 393 746 enim
414 687 616 763 magistratum
637 705 699 746 non
719 687 840 762 gerebat
858 685 892 759 is,
915 686 967 764 qui
986 697 1113 764 ceperat,
1140 720 1152 758 5

111 781 136 842 si
155 793 253 859 patres
272 793 407 842 auctores
426 802 488 841 non
509 792 592 842 erant
608 782 677 841 facti
687 802 695 854 3
716 801 797 841 nunc
809 782 975 859 postulatur
988 803 1006 842 a
1018 781 1112 854 vobis,
1183 768 1186 773 ⁶

110 889 144 939 ut
171 879 235 939 eius
264 878 362 952 exitio,
388 877 439 954 qni
466 888 581 936 creatus
608 876 654 951 sit,
682 877 824 937 iudicium
851 879 955 955 populi
983 879 1115 938 Romani

112 972 342 1050 reprehendatis.
385 972 486 1048 itaque
510 974 660 1048 quoniam,
688 994 747 1050 qua
767 975 850 1034 nolui
870 973 960 1033 ianua
980 995 1046 1034 sum
1067 975 1109 1034 in-

114 1089 229 1147 gressus
252 1069 284 1129 in
308 1088 437 1140 causam,
463 1089 579 1144 sperare
603 1069 707 1130 videor
730 1080 847 1129 tantum
871 1072 1016 1129 afuturam
1044 1089 1109 1130 esse

115 1162 279 1223 orationem
301 1182 399 1222 meam
420 1182 439 1222 a
459 1163 581 1222 minima
601 1162 771 1238 suspicione
791 1162 962 1223 offensionis
985 1173 1062 1238 tuae,
1085 1175 1116 1224 te
1131 1195 1155 1222 ιο

115 1270 148 1320 ut
171 1258 269 1336 potius
293 1258 454 1333 obiurgem,
480 1258 563 1333 quod
590 1256 726 1333 iniquum
750 1257 782 1316 in
803 1257 963 1318 discrimen
984 1259 1116 1319 adducas

73 1382 76 1388 ·
113 1355 288 1431 dignitatem
310 1366 399 1427 tuam,
420 1371 509 1429 quam
530 1364 563 1412 ut
584 1372 650 1412 eam
672 1371 727 1428 ego
747 1354 808 1411 ulla
828 1353 1007 1414 contumelia
1027 1373 1117 1414 coner

84 1451 264 1526 9attingere.
308 1451 354 1509 IV
374 1460 406 1508 tu
428 1447 652 1523 continentiam,
674 1459 707 1508 tu
728 1447 912 1523 industriam,
929 1462 962 1511 tu
983 1450 1116 1511 animum

114 1549 146 1608 in
172 1567 235 1609 rem
256 1547 416 1625 publicam,
441 1558 474 1607 tu
498 1546 645 1621 virtutem,
668 1557 701 1608 tu
724 1546 935 1623 innocentiam,
959 1560 992 1609 tu
1014 1549 1115 1621 fidem,

68 1703 71 1708 .
115 1655 148 1704 tu
158 1645 272 1706 labores
287 1657 362 1719 tuoS,
375 1646 456 1722 quod
465 1644 569 1706 aedilis
583 1664 645 1705 non
660 1644 699 1705 sis
707 1646 809 1720 factus
825 1648 935 1707 fractos
948 1665 1014 1707 esse
1029 1657 1058 1720 et
1067 1647 1116 1705 ab·
1131 1677 1154 1714 15

113 1741 207 1803 iectos
215 1754 246 1804 et
259 1743 427 1820 repudiatos
438 1745 545 1819 putas?
565 1741 635 1803 vide
643 1743 774 1817 tandem,
785 1743 962 1816 Laterensis,
972 1754 1115 1820 quantum

117 1858 171 1916 ego
185 1859 204 1898 a
217 1850 246 1899 te
265 1838 446 1900 dissentiam.
482 1838 515 1912 si,
530 1857 579 1899 me
594 1837 659 1899 dius
673 1838 769 1911 fidius,
785 1839 889 1900 decern
904 1839 959 1898 soli
973 1850 1071 1900 essent
1084 1838 1115 1898 in

116 1933 233 1993 civitate
254 1934 307 1993 viri
328 1932 410 2005 boni,
432 1933 589 2009 sapientes,
611 1932 688 2006 iusti,
708 1952 820 2009 graves,
843 1933 894 2009 qui
915 1945 944 1994 te
964 1933 1116 2010 indignum

115 2028 264 2088 aedilitate
286 2029 504 2101 iudicavissent,
529 2028 644 2106 gravius
668 2030 707 2089 de
728 2039 758 2088 te
785 2028 948 2089 iudicatum
971 2039 1115 2105 putarem,

116 2141 206 2198 quam
226 2135 271 2183 est
291 2125 357 2196 hoc,
373 2126 456 2199 quod
477 2135 509 2183 tu
530 2123 637 2183 metuis
654 2142 693 2182 ne
707 2142 725 2181 a
738 2125 850 2199 populo
869 2123 1032 2183 iudicatum
1050 2142 1116 2183 esse
1130 2155 1155 2182 ,ο

116 2217 257 2280 videatur.
299 2237 361 2278 non
381 2219 461 2278 enim
481 2218 609 2278 comitiis
631 2218 744 2277 iudicat
765 2237 883 2294 semper
903 2221 1041 2295 populus,
1063 2220 1116 2278 sed

115 2327 252 2375 movetur
278 2316 451 2392 plerumque
477 2314 579 2391 gratia,
611 2314 692 2375 cedit
718 2313 856 2391 precibus
866 2336 876 2390 3
913 2316 983 2376 sacit
1009 2336 1069 2390 eos,
1098 2337 1116 2375 a

117 2411 224 2488 quibus
244 2421 288 2471 est
307 2411 435 2471 maxime
454 2409 602 2484 ambitus3
623 2409 763 2487 denique,
778 2410 867 2470 etiam
881 2410 906 2470 si
920 2411 1039 2484 iudicat,
1054 2432 1116 2472 non

116 2508 227 2570 dilectu
247 2508 347 2584 aliquo
366 2519 416 2568 aut
434 2507 579 2584 sapientia
597 2506 716 2568 ducitur
728 2509 768 2568 ad
782 2507 982 2582 iudicandum,
998 2511 1051 2570 sed
1065 2509 1117 2568 im·

116 2618 186 2684 petu
204 2624 430 2681 nonnumquam
450 2616 479 2666 et
501 2606 631 2682 quadam
654 2604 743 2665 etiam
761 2604 933 2667 temeritate.
985 2627 1047 2666 non
1072 2617 1117 2666 est
1130 2637 1154 2677 25

116 2701 196 2761 enim
210 2700 366 2762 consilium
379 2700 411 2760 in
425 2703 522 2778 volgo,
539 2721 600 2760 non
615 2700 698 2772 rati0,
713 2719 775 2760 non
792 2699 958 2775 discrimen,
974 2721 1035 2761 non
1054 2702 1117 2761 dili-

116 2797 229 2877 gentia3
244 2817 419 2875 semperque
428 2797 576 2874 sapientes
585 2816 711 2873 eaquae
720 2797 848 2874 populus
856 2798 1115 2874 fecisset,ferenda,

116 2913 178 2955 non
203 2914 320 2971 semper
339 2894 490 2954 laudanda
510 2894 664 2953 duxerunt.
715 2911 775 2968 qua
793 2911 826 2953 re
846 2911 915 2952 cum
935 2905 965 2954 te
988 2897 1116 2957 aedilem

116 2989 180 3049 fieri
201 2989 366 3066 oportuisse
387 2988 470 3062 dicis,
491 2989 595 3065 populi
616 2989 743 3064 culpam,
765 3007 827 3047 non
848 2990 1050 3066 competitoris
1069 3011 1116 3052 ac-

66 3089 104 3148 10
117 3103 211 3145 cusas.
244 3097 277 3146 ut
291 3085 379 3146 fueris
393 3085 510 3163 dignior
523 3105 613 3162 quam
629 3084 847 3145 Plancius-de
862 3105 922 3162 quo
936 3086 1002 3164 ipso
1016 3099 1115 3148 tecum
1129 3088 1163 3154 30²³

117 3179 159 3240 ita
172 3183 352 3242 contendam
366 3183 454 3258 paulo
468 3193 545 3259 post,
559 3193 593 3242 ut
611 3199 785 3241 conservem
804 3180 978 3259 dignitatem
992 3195 1116 3244 tuam-

118 3277 172 3337 sed
191 3289 224 3338 ut
243 3278 331 3340 fueris
350 3279 474 3356 dignior,
492 3298 554 3339 non
575 3276 761 3354 competitor,
776 3297 795 3336 a
811 3297 872 3354 quo
891 3299 923 3340 es
941 3279 1045 3354 victus,
1061 3283 1115 3342 sed

116 3371 253 3448 populus,
268 3392 287 3432 a
304 3392 365 3450 quo
383 3393 416 3439 es
439 3372 621 3452 praeteritus,
641 3372 673 3434 in
696 3375 783 3453 culpa
806 3384 858 3433 est.
900 3374 933 3435 in
955 3394 1016 3452 quo
1038 3376 1114 3436 illud
