2406 3788
119 208 134 246 2
369 182 416 241 M.
443 181 578 241 mar
604 180 849 241 crcaaoms
1048 175 1109 259 [12

116 308 218 370 salutis
234 327 326 382 meae,
347 326 430 367 reum
452 306 508 366 sibi
532 307 613 365 hunc
634 305 823 383 potissimum
845 305 997 383 delegisse,
1021 325 1111 383 quam

116 404 308 463 metuendum
329 421 368 462 ne
385 401 470 462 vobis
488 401 519 460 id
539 401 588 461 ille
602 421 710 478 magna
722 402 836 462 ratione
850 402 955 462 fecisse
968 402 1109 463 videatur.

84 503 296 575 aquamquam
314 495 387 556 mihi
408 516 469 556 non
489 517 576 557 sumo
594 507 711 556 tantum
727 516 826 573 neque
845 499 966 573 adrogo,
988 496 1109 566 iudices,

114 605 148 654 ut
170 595 224 655 Cn.
250 593 404 652 Plancium
428 592 488 652 suis
510 612 579 670 erga
602 611 651 652 me
678 591 789 652 meritis
813 591 1018 669 impunitatem
1043 613 1112 652 con-

117 699 252 749 secutum
283 699 392 765 putem
439 687 496 747 nisi
526 688 589 748 eius
620 686 851 764 integerrimam.
868 687 968 761 vitam,
996 690 1111 749 modes·
1139 714 1150 751 s

114 785 242 845 tissimos
269 804 375 857 mores,
404 804 551 844 summam
582 784 681 858 fidem,
710 783 932 858 continentiam,
959 783 1110 860 pietatem,

113 879 314 941 innocentiam
329 881 494 953 ostendero,
510 877 583 938 nihil
597 879 636 938 de
648 898 747 956 poena
760 881 904 941 recusabo
919 900 926 938 :
947 879 993 940 sin
1011 879 1111 939 omnia

114 976 295 1054 praestitero,
323 995 400 1052 quae
424 988 493 1036 sunt
516 996 535 1035 a
561 975 647 1036 bonis
672 976 741 1037 viris
763 979 972 1053 exspectanda,
1000 988 1109 1054 petam,

113 1074 234 1144 iudices,
254 1093 273 1132 a
291 1071 385 1144 vobis,
406 1083 446 1144 ut,
467 1071 549 1132 cuius
563 1072 765 1133 misericordia
783 1075 861 1133 salus
880 1094 948 1134 mea
962 1075 1110 1135 custodita

114 1170 159 1242 sit,
180 1170 207 1229 ei
227 1189 281 1230 vos
297 1180 424 1229 vestram
444 1169 674 1230 misericordiam
697 1189 746 1229 me
765 1170 945 1247 deprecante
965 1171 1107 1231 tribuatis.
1125 1201 1149 1228 ιο

114 1265 254 1341 equidem
276 1266 315 1325 ad
338 1265 468 1341 reliquos
491 1266 616 1336 labores,
643 1284 718 1341 quos
737 1264 768 1325 in
791 1266 848 1324 hac
872 1285 961 1326 causa
984 1266 1109 1327 maiores

114 1361 243 1437 suscipio
265 1379 354 1437 quam
377 1360 408 1418 in
430 1357 542 1432 ceteris,
570 1359 660 1418 etiam
684 1360 762 1418 hanc
783 1359 950 1420 molestiam
973 1361 1108 1431 adsumo,

114 1457 195 1531 quod
211 1455 284 1514 mihi
303 1474 365 1515 non
384 1456 481 1514 solum
498 1473 553 1530 pro
570 1455 626 1515 Cn.
642 1454 764 1514 Plancio
781 1454 944 1515 dicendum
958 1465 1011 1528 est,
1026 1454 1109 1514 cuius

114 1570 170 1630 ego
196 1553 320 1611 salutem
343 1569 405 1609 non
429 1568 514 1610 secus
536 1569 572 1610 ac
593 1569 691 1609 meam
715 1549 790 1611 tueri
813 1551 920 1624 debeo,
943 1551 997 1611 sed
1020 1549 1109 1610 etiam

113 1666 167 1726 pro
187 1665 236 1706 me
255 1645 329 1723 ipso,
352 1646 390 1706 de
408 1665 469 1723 quo
486 1656 672 1706 accusatores
689 1647 774 1722 plura
791 1665 887 1724 paene
908 1666 997 1724 quarn
1018 1647 1057 1707 de
1079 1666 1110 1708 re
1122 1679 1147 1714 15

80 1750 224 1820 4re0que
246 1742 389 1802 dixerunt
437 1743 470 1802 II
496 1761 686 1826 quamquam,
711 1740 834 1815 iudices,
858 1743 883 1803 si
907 1744 979 1820 quid
1006 1755 1051 1804 est
1078 1742 1109 1804 in

113 1858 162 1899 me
180 1839 246 1916 ipso
263 1837 305 1899 ita
322 1838 540 1915 reprehensum,
561 1849 594 1898 ut
614 1837 646 1898 id
664 1837 703 1899 ab
720 1839 780 1899 hoc
797 1838 964 1899 seiunctum
982 1838 1027 1912 sit,
1047 1858 1109 1900 non

114 1952 163 1992 me
182 1933 214 1994 id
233 1952 342 2010 magno
363 1951 453 2009 opere
473 1933 630 1993 conturbat
640 1953 650 2006 3
673 1952 734 1993 non
757 1932 837 1993 enim
858 1933 949 1995 timeo
969 1954 1016 2009 ne,
1040 1936 1110 2012 quia

112 2048 230 2105 perraro
248 2028 322 2106 grati
339 2028 476 2089 homines
493 2029 682 2105 reperiantur,
696 2028 817 2103 idcirco,
837 2049 906 2088 cum
922 2050 971 2090 me
985 2031 1108 2090 nimium

113 2136 227 2202 gratum
251 2124 294 2184 illi
321 2144 385 2185 esse
413 2124 523 2197 dicant,
547 2125 579 2185 id
606 2124 679 2184 mihi
701 2125 893 2184 criminosum
917 2144 982 2185 esse
1007 2125 1108 2203 possit.
1122 2154 1148 2182 ιο

114 2239 190 2297 quae
208 2239 278 2280 vero
294 2218 336 2278 ita
350 2229 418 2277 sunt
432 2218 541 2295 agitata
554 2220 592 2278 ab
607 2218 672 2293 illis,
687 2228 720 2278 ut
737 2229 788 2278 aut
805 2218 910 2278 merita
923 2221 979 2281 Cn.
995 2220 1098 2279 Planci

113 2335 182 2394 erga
208 2336 257 2375 me
283 2314 398 2375 minora
420 2334 485 2375 esse
513 2315 645 2376 dicerent
669 2334 760 2392 quarn
786 2335 805 2374 a
831 2334 880 2375 me
907 2314 973 2392 ipso
996 2315 1110 2392 praedi·

113 2425 255 2488 carentur,
266 2423 324 2486 aut,
332 2413 356 2472 si
370 2422 469 2473 essent
483 2432 608 2487 summa,
622 2423 765 2489 negarent
779 2431 815 2472 ea
829 2423 928 2472 tamen
943 2412 984 2472 ita
997 2413 1105 2490 magni,

112 2524 146 2572 ut
159 2531 215 2590 ego
233 2523 375 2589 putarem,
396 2510 537 2588 ponderis
557 2511 638 2588 apud
657 2530 711 2571 vos
729 2529 794 2570 esse
813 2510 931 2584 debere,
949 2511 1023 2571 haec
1036 2511 1109 2570 mihi

113 2622 181 2671 sunt
200 2609 362 2682 tractanda,
383 2607 505 2681 iudices,
525 2619 555 2670 et
571 2607 697 2682 modice,
717 2626 757 2668 ne
776 2607 848 2684 quid
864 2607 928 2684 ipse
947 2608 1107 2683 offendam,
1121 2637 1145 2675 ,ς
1166 2633 1169 2639 ·

112 2716 143 2765 et
161 2715 226 2765 tum
247 2703 385 2780 denique,
407 2721 477 2762 cum
496 2704 678 2779 respondero
697 2701 878 2775 criminibus,
899 2722 938 2763 ne
961 2722 1021 2763 non
1047 2715 1109 2763 tam

111 2801 283 2863 innocentia
300 2820 368 2861 reus
386 2818 439 2860 sua
457 2818 547 2876 quam
563 2797 769 2859 recordatione
788 2816 923 2857 meorum
941 2809 1108 2877 temporum

112 2900 250 2960 defensus
263 2916 328 2959 esse
341 2897 482 2956 videatur.
880 2942 883 2947 <

80 2999 98 3057 5
172 2996 232 3055 Sed
259 2991 332 3054 mihi
357 2993 390 3053 in
416 3011 506 3052 causa
531 2990 610 3050 facili
633 2999 725 3067 atque
747 2989 894 3067 explicata
920 2991 1107 3068 perdifficilis,

111 3089 232 3163 iudices,
261 3101 291 3151 et
317 3087 431 3151 lubrica
458 3085 638 3148 defensionis
661 3087 736 3148 ratio
760 3087 943 3164 proponitur.
990 3108 1060 3149 nam
1084 3089 1108 3150 si
1121 3123 1147 3159 30

112 3194 228 3242 tantum
246 3184 339 3243 modo
354 3181 428 3242 mihi
446 3199 568 3241 necesse
585 3191 663 3241 esset
676 3191 781 3241 contra
796 3183 986 3242 Laterensem
1000 3182 1107 3257 dicere,

112 3287 212 3353 tamen
225 3276 258 3336 id
275 3276 372 3353 ipsum
389 3285 467 3337 esset
486 3275 517 3335 in
537 3284 621 3335 tanto
639 3294 694 3334 usu
708 3285 810 3334 nostro
824 3286 965 3352 tantaque
978 3276 1108 3337 amicitia

112 3373 278 3434 molestum.
327 3382 412 3432 vetus
434 3380 478 3431 est
502 3370 584 3432 enim
610 3371 658 3432 lex
681 3369 732 3432 illa
754 3370 849 3430 iustae
870 3389 1016 3448 veraeque
1038 3373 1108 3432 ami-
