2406 3788
93 183 111 238 8
352 181 398 240 M
425 179 562 239 TVLLI
586 180 832 241 CICERONIS
960 178 1088 262 [u1117
1114 191 1128 196 “’

92 325 139 365 ses
152 324 250 382 neque
264 303 333 364 huic
346 307 381 364 A.
398 297 506 377 Plotio,
521 294 708 365 ornatissimo
726 303 848 376 homini,
863 305 996 366 familiari
1010 327 1087 378 me0‚

91 413 122 462 et
141 404 181 462 ab
202 422 247 475 eo,
271 400 324 478 qui
344 402 400 462 hos
422 400 555 475 dimovit,
571 401 669 478 potius
690 421 782 478 quam
802 402 841 462 ab
862 402 913 476 eis,
936 402 988 480 qui
1008 402 1040 463 in
1060 415 1091 465 te

40 507 77 564 18
92 498 188 575 ipsum
215 499 421 573 incubuerunt,
442 509 474 559 te
491 499 654 576 <depulsum
675 509 769 575 putas.
820 499 874 559 sed
894 510 993 561 tamen
1014 501 1089 562 haec

91 593 145 655 tibi
166 606 211 655 est
230 594 325 671 prima
345 615 414 655 cum
430 594 552 654 Plancio
571 592 687 672 generis
705 593 793 654 vestri
813 594 999 673 familiaeque
1019 617 1090 657 con·

91 690 193 762 tentio,
213 710 273 768 qua
293 693 394 752 abste
413 688 547 750 vincitur.
589 709 642 749 cur
662 689 741 750 enim
762 709 824 750 non
844 694 987 753 confitear
1007 696 1088 770 quod
1117 734 1129 771 ς

90 807 213 848 necesse
234 791 302 849 est?
349 788 402 848 sed
423 807 484 847 non
506 786 557 845 hic
576 784 669 862 magis
691 800 780 862 quam
802 807 858 864 ego
878 807 898 847 a
917 788 992 850 meis
1011 810 1090 851 com-

91 871 264 960 petitoribus
283 895 313 944 et
327 885 399 944 alias
413 895 443 945 et
457 883 487 944 in
502 884 673 944 consulatus
688 883 831 959 petitione
845 884 992 948 vincebat.
1035 891 1089 948 sed

14 976 16 980 ’
90 977 159 1038 vide
179 997 218 1039 ne
238 981 313 1040 haec
333 980 405 1057 ipsa,
426 999 503 1057 quae
523 977 660 1055 despicis,
676 978 746 1038 huic
766 980 922 1057 suffragata
938 981 1003 1041 sint
1040 982 1090 1042 Sic

92 1075 170 1134 enirn
195 1077 391 1137 conferamus.
419 1080 474 1138 Est
497 1087 583 1136 tuum
607 1093 718 1135 nomen
740 1087 863 1152 utraque
884 1076 995 1136 familia
1021 1097 1090 1138 con-

92 1171 195 1230 sulare.
210 1172 291 1231 Num
305 1171 423 1232 dubitas
436 1171 523 1248 igitur
537 1171 609 1248 quin
624 1190 738 1246 omnes,
752 1171 804 1248 qui
817 1173 918 1231 favent
932 1172 1087 1245 nobilitati,
1103 1212 1129 1240 ω

92 1263 143 1340 qui
157 1264 188 1324 id
202 1276 307 1341 putant
326 1285 391 1325 esse
411 1266 649 1343 pulcherrimum,
664 1266 716 1343 qui
732 1265 918 1344 imaginibus,
932 1266 983 1342 qui
997 1269 1090 1327 nomi-

90 1361 179 1438 nibus
193 1359 296 1420 vestris
317 1363 475 1436 ducuntur,
490 1373 520 1422 te
538 1361 666 1422 aedilem
684 1362 827 1423 fecerint?
869 1363 1008 1440 equidem
1027 1385 1089 1426 non

92 1457 205 1517 dubit0.
248 1460 301 1519 sed
326 1458 350 1518 si
374 1479 488 1543 parum
501 1459 587 1520 multi
609 1471 679 1520 sunt
699 1461 750 1538 qui
771 1459 955 1522 nobilitatem
979 1474 1088 1536 ament,

91 1563 163 1617 num
178 1555 233 1641 ista
247 1569 291 1619 est
305 1569 405 1620 nostra
423 1561 533 1637 culpa?
574 1559 684 1621 etenim
702 1561 742 1620 ad
763 1571 851 1638 caput
869 1571 900 1621 et
918 1561 957 1621 ad
975 1562 1089 1621 fontem

40 1659 77 1716 19
90 1654 205 1731 generis
225 1654 378 1733 utriusque
398 1655 559 1716 veniamus.
609 1659 690 1716 Vlll
712 1667 745 1717 tu
768 1677 800 1718 es
821 1677 838 1718 e
858 1656 1020 1734 municipio
1040 1677 1090 1716 an·
1104 1689 1127 1728 ις

91 1738 258 1828 tiquissimo
278 1755 457 1826 Tusculano,
480 1773 516 1814 ex
536 1772 598 1830 quo
622 1763 691 1813 sunt
711 1753 855 1829 plurimae
874 1753 1001 1813 familiae
1022 1773 1090 1814 con·

93 1848 202 1906 snlares
222 1847 265 1923 (in
286 1846 393 1924 quibus
412 1857 457 1908 est
476 1846 566 1909 etiam
586 1846 744 1923 Iuventia),
765 1859 809 1907 tot
827 1855 895 1922 quot
911 1868 947 1909 ex
964 1848 1083 1926 reliquis

93 1943 263 2020 municipiis
277 1947 416 2005 omnibus
430 1964 491 2003 non
506 1955 593 2018 sunt3
613 1944 661 2003 hic
675 1955 719 2005 est
733 1964 750 2004 e
765 1947 948 2022 praefectura
961 1946 1083 2017 Atinati,

95 2057 157 2098 non
180 2049 241 2097 tam
263 2037 366 2114 prisca,
391 2051 536 2099 nontam
559 2041 712 2112 honorata,
738 2059 800 2100 non
826 2050 888 2099 tam
915 2041 1091 2104 suburbana.

95 2145 239 2211 quantum
272 2134 414 2195 interesse
440 2134 485 2195 vis
518 2138 557 2195 ad
590 2133 735 2194 rationem
769 2134 914 2213 petendi?
965 2135 1092 2212 primum
1106 2172 1131 2200 ω

95 2240 192 2290 utrum
218 2230 311 2306 magis
338 2233 435 2290 lavere
463 2243 549 2308 putas
576 2229 704 2290 Atinatis
731 2250 771 2290 an
798 2231 983 2292 Tusculanos
1011 2233 1094 2296 suis?

95 2326 295 2388 alteri-scire
309 2327 388 2387 enim
409 2327 468 2386 hoc
485 2337 605 2405 propter
618 2324 800 2386 vicinitatem
821 2327 907 2388 facile
920 2347 1091 2404 possum—,

95 2436 163 2486 curn
185 2424 272 2485 huius
299 2423 477 2485 ornatissimi
506 2435 597 2501 atque
630 2423 736 2500 optimi
759 2423 821 2497 viri,
850 2427 906 2486 Cn.
935 2427 1091 2501 Saturnini,

95 2535 209 2600 patrem
237 2522 374 2596 aedilem,
402 2541 472 2581 cum
505 2533 670 2599 praetorem
697 2520 842 2596 viderunt,
872 2524 955 2599 quod
981 2525 1093 2600 primus

95 2620 144 2681 ille
172 2640 233 2680 non
261 2621 355 2680 modo
381 2619 412 2678 in
439 2638 506 2679 eam
534 2617 684 2688 familiam,
710 2619 764 2678 sed
791 2618 881 2679 etiam
907 2618 939 2678 in
965 2623 1129 2696 praefec-2s

94 2728 189 2777 turam
203 2717 282 2777 illam
298 2716 401 2776 sellam
421 2716 553 2775 curulem
572 2713 726 2786 attulisset,
741 2715 908 2775 mirandum
923 2715 953 2776 in
968 2719 1092 2778 modurn

94 2814 195 2876 laetati
215 2826 303 2876 sunt:
323 2815 569 2885 alteros-credo,
584 2812 655 2891 quia
673 2813 811 2873 refertum
832 2825 877 2874 est
897 2814 1091 2894 municipium

95 2912 318 2986 consularibus;
345 2930 414 2970 nam
438 2911 600 2971 malevolos
623 2928 685 2969 non
707 2929 771 2970 esse
799 2922 880 2970 certo
907 2910 1093 2971 scio-num·

95 3024 185 3082 quarn
219 3006 350 3068 intellexi
375 3005 579 3068 vehementius
607 3025 725 3065 suorum
760 3005 944 3084 municipum
978 3009 1093 3069 honore

43 3111 81 3169 20
95 3103 204 3164 laetari.
259 3107 404 3166 habemus
437 3105 497 3164 hoc
529 3123 603 3166 nos:
637 3104 748 3164 habent
787 3115 888 3165 nostra
921 3104 1090 3183 municipia.
1106 3136 1130 3172 ,ο

94 3199 167 3274 quid
195 3219 251 3276 ego
275 3202 315 3261 de
338 3218 396 3273 me,
419 3200 458 3259 de
479 3200 567 3260 fratre
594 3217 662 3259 meo
689 3199 815 3275 loquar?
843 3219 970 3277 quornm
996 3202 1091 3261 hono·

93 3296 175 3356 ribus
201 3295 264 3372 agri
290 3295 347 3373 ipsi
373 3314 467 3372 prope
494 3294 592 3356 dicam
620 3305 797 3371 montesque
824 3297 967 3356 savemnt.
1020 3315 1092 3356 num

95 3392 216 3469 quando
237 3392 322 3455 vides
341 3394 544 3453 Tusculanum
565 3391 694 3470 aliquem
723 3393 761 3453 de
787 3394 830 3452 Μ.
852 3395 968 3454 Catone
988 3393 1040 3454 illo
1060 3393 1092 3454 in
