2406 3788
128 179 184 238 216
381 185 383 189 ’
439 179 532 238 PRO
559 179 625 239 CN.
651 178 851 239 PLANCIO

127 318 207 358 tween
221 314 304 372 capere
319 307 370 357 and
385 323 482 358 subtere
492 322 581 357 arma:
597 308 630 358 he
644 324 708 372 says,
725 311 836 373 ‘capere
851 308 1068 368 mendicitatis,
1082 309 1129 376 qui

127 389 196 422 arma
206 389 257 422 non
268 374 348 422 iacere
363 374 456 437 patitur
470 374 514 422 sed
529 373 635 438 adtingit
646 374 725 438 iisque
739 374 885 423 instructum
900 390 926 424 se
940 375 1031 432 reddit,
1043 382 1071 425 ut
1083 384 1129 425 eut

127 439 248 501 impetum
264 438 369 486 aliorum
385 453 401 486 a
415 453 442 487 se
459 438 591 488 defendere
610 445 653 487 aut
669 438 723 514 ipse
738 439 801 488 alios
817 439 912 503 impetu
928 447 1012 503 petere
1029 442 1110 504 possit
1119 458 1128 502 ς

127 509 214 552 contra
233 511 347 551 suniere
364 518 438 551 arma
457 502 554 561 dicitur,
573 501 625 566 qui,
641 503 685 551 ubr
701 503 804 552 solutast
821 504 928 567 eligendi
945 505 1022 569 optio,
1041 512 1128 553 utrum

127 583 196 615 arma
216 582 305 630 capere
324 583 357 615 an
373 567 447 615 aliam
463 568 554 631 agendi
570 567 691 616 rationem
709 568 772 617 inire
790 568 857 626 velit,
875 569 949 617 armis
968 568 1129 633 potissimum

127 632 210 690 utitur,
230 632 265 680 ita
282 636 309 679 ut
324 646 391 680 nunc
407 632 474 695 quod
491 648 542 681 non
558 640 727 696 exspectatum
743 632 824 692 suerit,
842 648 908 682 nunc
924 634 992 698 quod
1008 649 1065 682 cum
1082 634 1128 683 de·

127 696 274 745 liberatione
285 697 377 745 sactum
387 697 427 757 sit,
440 696 526 745 secisse
537 696 694 759 significetur,
708 699 752 761 qui
763 713 836 746 arma
846 699 1005 762 sumpsisse
1017 696 1129 747 dicitur.’

131 761 236 809 ‘Totum
256 762 322 810 hunc
342 760 424 810 locum
445 761 598 824 depositum’
616 776 671 824 says
691 761 785 825 K'opke
802 767 912 811 ‘sanasse
931 763 980 811 sibi
995 762 1063 812 visus
1090 771 1129 813 est
1169 800 1173 806 -

128 825 247 889 Campius
256 841 281 888 p.
291 836 346 887 273,
356 841 413 874 cum
420 825 487 874 hunc
495 826 626 874 verborum
635 825 747 874 ordinem
755 826 929 876 constitueret:
945 826 1049 876 Dixisti
1057 829 1128 876 enim

129 906 179 938 non
191 891 317 938 auxilium
333 891 484 953 milei-quis
497 890 588 939 erescit?
603 896 658 938 erat
668 905 718 938 non
730 891 795 952 iure,
808 907 858 939 nore
868 891 1043 954 legibus—fuit
1051 893 1128 941 dimi·

127 955 244 1003 caadum.
272 954 346 1003 Vinci
355 961 438 1002 autem
450 955 646 1018 improbos-esse
659 954 773 1017 defendit.
810 956 924 1004 Cansieles
929 962 986 1019 past
995 956 1128 1004 hominum

128 1020 271 1067 memoriam
288 1019 427 1067 taeterrimi
440 1025 512 1082 atque
526 1018 764 1082 turpissimi-servi
779 1019 809 1067 in
825 1021 935 1068 dominas
951 1021 1128 1069 armabantur.

128 1084 205 1132 maa
213 1083 264 1168 ciicp
274 1083 535 1146 amplius—videbam.
569 1084 645 1133 Hisce
657 1098 698 1146 ego
712 1084 820 1133 auxe'liis
829 1085 919 1133 salutis
931 1101 996 1134 meae
1004 1086 1029 1133 si
1039 1085 1129 1134 idcirco

128 1148 198 1211 defui
207 1158 247 1195 cet.

176 1239 195 1284 1.
209 1240 247 1284 1⁰.
280 1235 544 1297 euos-oonsultbns]
554 1235 690 1286 bracketed
700 1236 734 1299 by
743 1235 785 1285 Kii
794 1235 856 1286 aster
868 1237 970 1302 Campe,
982 1245 1025 1287 not
1037 1238 1071 1303 by
1080 1238 1128 1288 La.

594 1352 662 1410 seo

176 1450 196 1496 1.
207 1451 246 1496 2³.
279 1450 312 1496 ob
327 1449 403 1496 illam
418 1458 526 1496 oaurm
542 1446 621 1507 quod]
638 1461 666 1494 so
683 1443 759 1494 Klotz
774 1441 824 1494 and
840 1446 932 1504 Baiter,
945 1446 987 1496 Ht
997 1447 1043 1496 has
1059 1446 1087 1496 ab
1102 1447 1133 1496 id

129 1513 217 1576 ipsum.
253 1512 285 1560 In
299 1518 355 1561 Ἠ
367 1528 406 1561 we
421 1512 472 1560 find
486 1512 514 1560 ab
530 1511 601 1560 illam
617 1511 697 1575 quod:
714 1511 844 1575 Landgraf
851 1527 971 1576 proposes
987 1518 1129 1560 <canstan-

129 1579 233 1636 tiam>,
245 1577 287 1627 the
298 1578 401 1642 reading
412 1578 441 1626 of
448 1575 568 1637 Mona'c.*,
582 1575 699 1625 followed
709 1576 744 1639 by
754 1591 810 1639 quc.

176 1679 195 1725 1.
207 1682 245 1726 25.
280 1679 367 1736 glorta
378 1679 406 1725 et
415 1675 505 1736 laude]
522 1680 587 1724 most
598 1673 706 1724 editors:
721 1673 817 1737 gloriae
826 1674 900 1724 laude
910 1680 965 1723 'H
979 1675 1040 1723 Ern.

596 1792 609 1850 g
623 1796 666 1838 οο

177 1894 207 1935 1³.
220 1893 271 1944 87,
285 1889 303 1935 t
317 1892 339 1937 8.
372 1890 401 1936 in
417 1900 459 1937 me
475 1889 624 1949 retinendo]
641 1888 765 1938 retinendo
781 1887 854 1936 codd.
872 1887 965 1938 delevit
981 1885 1082 1952 Kb'pke‚
1101 1894 1130 1938 ut

129 1953 335 2009 additamentum,
347 1952 405 2002 secl.
415 1954 532 2002 'Wunder
543 1954 581 2002 Ba
592 1954 650 2013 Ka;
666 1954 815 2003 restituenda
825 1953 890 2002 coni.
903 1952 1032 2002 Garatoni.

177 2054 196 2101 1.
210 2057 249 2100 12·
282 2051 430 2113 aemulum]
441 2052 560 2116 expunxit
572 2053 615 2101 Κὸ
624 2059 681 2117 post
694 2052 826 2102 Cobetum.

597 2168 661 2225 §91

177 2266 196 2310 1.
208 2266 246 2310 η.
280 2265 360 2312 dobeo
374 2263 395 2312 is
406 2263 448 2312 the
462 2265 620 2314 emendation
632 2264 662 2315 οἱ
669 2264 806 2314 Lambinus
817 2265 927 2331 adopted
938 2265 972 2330 by
984 2265 1026 2314 Kii
1041 2264 1082 2314 Hs
1090 2264 1129 2315 sor

131 2327 173 2376 the
184 2328 283 2390 vulgate
293 2327 375 2376 desim
381 2345 391 2384 ,·
407 2344 487 2376 recuso
498 2331 553 2377 Mu.

597 2420 611 2479 s
622 2423 663 2467 oa

178 2519 197 2565 1.
209 2521 247 2565 ³2.
280 2516 421 2578 quantum]
438 2516 475 2567 Or
486 2517 524 2567 Ba
535 2518 577 2567 Ka
588 2518 630 2568 Ko
642 2518 684 2568 Hi
691 2537 697 2568 ε
713 2525 854 2584 quamtum
866 2525 932 2569 u.

597 2635 611 2692 9
623 2639 664 2682 04

178 2736 207 2781 r.
222 2737 273 2792 88,
286 2732 306 2779 1.
317 2735 355 2782 lt.
390 2732 497 2792 navem]
514 2729 556 2780 Ht
563 2731 626 2781 after
636 2733 717 2783 Cobet
728 2731 799 2782 reads
810 2730 883 2782 navis
893 2738 1014 2783 rectaran.

178 2920 197 2966 1.
209 2922 248 2967 31.
280 2918 354 2979 dum]
370 2934 427 2968 cum
438 2918 477 2969 ed.
490 2919 600 2978 Iuntina,
612 2919 681 2984 quod
691 2920 829 2971 necessario
843 2918 1022 2972 restituendum
1033 2921 1133 2972 videtur

132 2983 212 3032 Bakio
223 2983 307 3033 Schol.
321 2984 450 3048 Hypomn.
463 2996 493 3033 1v
504 3000 529 3049 p.
545 2996 584 3048 73.
618 2997 721 3035 BAlTItR

179 3083 198 3128 l.
210 3085 248 3128 ³2.
281 3079 383 3143 utum]
399 3095 427 3129 so
443 3080 533 3141 Cobet,
547 3079 630 3141 Koch,
645 3077 686 3127 Hs
698 3079 752 3138 La;
768 3096 848 3130 arcem
860 3079 934 3130 codd·
946 3079 1048 3130 Miiller.

598 3184 663 3243 §or

179 3280 209 3323 r.
222 3279 272 3333 ae,
285 3277 303 3322 1.
316 3278 354 3323 28.
385 3278 468 3324 vellat
483 3277 573 3334 potius
590 3273 717 3333 axsolndt]
734 3289 762 3323 so
777 3275 813 3324 Η.
827 3277 859 3327 A.
874 3275 949 3328 Koch
963 3277 1032 3327 illus.
1048 3277 1130 3328 Rhm.

132 3351 187 3391 x111
199 3354 224 3404 p.
238 3341 292 3402 285,
308 3338 349 3387 Hs
357 3339 403 3388 Mu
415 3342 467 3399 La3
483 3339 524 3388 vel
530 3339 611 3404 patius
620 3339 729 3390 casalicli
739 3339 813 3390 codd.
