2406 3788
109 210 166 268 134
397 188 487 248 Pro
519 187 585 246 cru
615 182 815 245 Peracto
859 178 1108 261 [xxiiim-

104 328 128 372 et
141 321 247 371 clariora
261 318 403 369 testimonia
420 316 454 365 iu
473 330 563 363 causa
587 313 730 361 haberem.
764 312 803 375 By
817 309 873 358 haec
887 314 953 357 must
969 306 1002 354 be
1018 303 1106 352 under·

104 387 178 436 stood
189 385 232 436 the
243 391 385 448 arguments
396 379 511 430 adduced
523 379 549 427 in
560 379 573 437 5
586 394 598 440 5
602 379 662 441 3-5
675 391 714 439 55.
743 402 744 405 =

111 470 113 474 ,
154 488 173 534 1.
186 489 224 534 ³0.
256 487 312 534 alis.
329 488 358 533 te
379 485 518 534 ratio-ad
533 480 777 542 rpem-exatavit]
793 496 832 529 we
851 478 942 529 should
960 493 1005 543 say
1023 475 1110 526 ‘other

107 549 219 606 motives
233 549 436 609 considerations‚
449 548 513 598 have
523 548 628 596 awaked
639 549 666 597 in
683 562 732 609 you
747 547 790 594 the
804 545 871 609 hope
877 544 893 605 ;'
910 544 942 594 cf.
953 560 990 593 or.
1003 559 1026 608 p.
1042 544 1107 593 Sest,

107 615 120 673 5
132 615 160 664 81
166 613 289 678 fuistisne
299 629 347 663 vos
357 614 397 662 ad
408 614 525 678 patrium
538 613 611 660 illum
627 612 765 660 animum
781 611 952 673 maiorumque
965 609 1106 656 virtutem

107 678 279 740 excitaturi,
304 679 339 728 ib.
361 681 375 739 5
400 695 427 729 11
456 683 583 728 vestram
611 677 779 725 memoriam
801 673 840 722 ad
866 673 963 722 timoris
981 678 1109 737 praeteriti

108 741 312 808 cogitationem
332 745 463 803 excitate,
488 742 520 790 de
542 740 584 790 off.
603 752 626 790 11
649 742 663 799 5
681 755 695 788 a
717 740 778 789 libri
794 739 875 787 nostri
895 737 1055 802 compluris
1072 747 1108 784 aa

107 809 201 873 legendi
209 810 341 875 studium
351 810 565 857 excitaverunt.
603 805 651 855 See
660 805 781 868 Niigelsb.
793 804 835 852 lat.
851 804 888 853 St.
900 820 926 868 p.
938 815 995 863 411.

155 908 176 953 1.
188 911 225 954 82.
259 907 349 964 cupidi
359 904 411 965 tui]
427 919 468 953 see
479 902 558 951 above
569 902 583 960 5
594 899 627 962 46
638 902 655 949 l.
664 916 704 967 29,
718 901 804 963 5431.
817 914 856 961 25.

111 1059 125 1118 s
156 997 224 1106 list.
257 993 386 1054 fautores]
403 996 526 1042 sosunt.
561 991 603 1040 On
614 991 657 1041 the
668 991 786 1056 meaning
799 991 828 1040 of
842 991 884 1039 the
899 990 968 1040 word
978 1005 1020 1039 see
1030 1005 1056 1039 n.
1075 1002 1100 1038 or

140 1076 150 1109 1
174 1075 220 1121 .3.

156 1156 287 1211 aaut.
305 1159 328 1202 1.
360 1156 473 1202 nimium
498 1156 618 1203 retinens
637 1156 769 1213 equestris
789 1151 867 1213 iuris]
896 1156 954 1200 ‘too
982 1148 1105 1199 tenacious

109 1218 138 1268 oi
149 1220 191 1268 the
207 1219 286 1283 rights
302 1219 352 1267 and
368 1218 499 1282 privileges
514 1218 543 1267 of
558 1219 597 1267 his
614 1218 703 1267 order.’
737 1218 776 1268 Cf.
794 1234 834 1281 ep.
855 1217 886 1265 ad
902 1217 952 1278 Qu.
966 1215 995 1264 ir.
1011 1226 1043 1264 12
1055 1217 1069 1273 5
1081 1229 1104 1263 ι]

108 1284 178 1332 iroma
193 1285 235 1332 rui
251 1284 316 1331 iuris
332 1283 508 1347 dignitatisque
524 1284 663 1341 retinens,
676 1285 737 1332 Tac.
753 1283 822 1330 Ann.
835 1293 884 1330 xvi
898 1297 910 1343 5
923 1280 1026 1343 antiqui
1035 1280 1110 1327 moros

109 1349 278 1397 retinentes.
313 1347 354 1396 On
371 1348 479 1411 genitive
491 1347 555 1396 after
565 1355 665 1412 present
674 1346 804 1410 participle
816 1362 857 1396 see
869 1346 951 1394 Kenn
966 1345 1009 1393 Gr.
1019 1360 1043 1407 p.
1051 1359 1108 1404 421,

110 1413 195 1462 Madv.
208 1413 252 1461 Gr.
260 1414 273 1472 5
282 1413 330 1478 ²89
339 1427 362 1468 a,
370 1413 418 1461 and
428 1413 490 1476 cp.5
502 1429 530 1475 13
539 1413 556 1460 l.
566 1414 635 1475 4n‚5
645 1414 676 1462 8ο
687 1412 704 1460 l.
712 1427 737 1478 9.
766 1413 816 1461 For
827 1411 869 1458 the
880 1410 986 1459 allusion
997 1409 1058 1467 see5
1067 1423 1105 1470 33.

156 1513 176 1559 1.
193 1515 217 1558 2.
249 1512 351 1559 inimici
366 1522 471 1559 reorum
491 1509 619 1570 omnium]
646 1508 779 1573 significari
801 1508 840 1557 his
861 1507 942 1556 verbis
963 1505 1031 1569 ipsos
1052 1503 1109 1553 illos

109 1576 187 1634 iestis,
200 1590 262 1639 quos
274 1574 414 1624 Laterensis
425 1575 582 1639 produxerat,
597 1591 627 1624 ex
638 1573 710 1624 initio
721 1576 734 1634 5
747 1571 778 1638 56
790 1573 949 1636 intellegitur.
976 1581 1012 1618 W.

156 1675 175 1723 b
187 1677 211 1722 8.
243 1665 405 1728 rra-quau]
422 1681 464 1715 see
474 1680 499 1713 n.
511 1670 538 1714 to
550 1663 635 1728 5491·
648 1667 687 1722 28,
700 1664 766 1712 Mur.
777 1665 791 1722 5
804 1674 842 1725 77,
856 1661 889 1711 de
899 1667 961 1712 orat.
976 1671 986 1710 r
998 1661 1012 1719 5
1023 1659 1078 1722 246.

116 1771 119 1775 ·
158 1753 213 1799 Le.
246 1755 355 1808 gratum
368 1754 466 1809 populo
482 1755 597 1800 Romam
613 1751 661 1812 sit]
677 1751 720 1802 i.e.
738 1754 864 1817 gratiam
880 1753 985 1816 populi
1002 1753 1034 1800 R.
1052 1752 1110 1801 sibi

110 1815 282 1874 concilient,
293 1815 327 1879 by
336 1814 422 1879 giving
433 1815 550 1865 evidence
559 1817 656 1880 against
666 1817 737 1867 those
748 1818 805 1866 who
815 1833 857 1866 are
865 1818 972 1866 ambitus
983 1818 1028 1866 rei.

122 1915 128 1926 '
157 1914 214 1961 Lb-
247 1910 381 1972 abeo]sc.
399 1911 510 1975 populo
528 1911 673 1961 Romano.

157 2004 231 2062 ἐκ,
247 2006 267 2051 1.
279 2009 302 2053 7.
334 2016 407 2053 more
427 2016 486 2054 meo
506 2005 632 2066 pristino]
664 2006 784 2071 figmento
811 2008 920 2071 quodam
947 2008 1109 2057 verecundiae

110 2068 218 2117 declinat
229 2084 284 2118 eam
295 2075 400 2131 partem,
415 2084 478 2133 quae
488 2069 640 2119 difficultatis
655 2072 750 2135 aliquid
759 2073 850 2121 habere
861 2073 980 2131 videatur,
992 2073 1109 2122 adversus

109 2133 265 2197 quorundam
282 2133 423 2182 testimonia
439 2132 635 2198 contend(end)i.
669 2135 711 2185 Sic
728 2143 753 2185 et
772 2135 896 2210 religioni,
914 2152 990 2201 quam
1012 2138 1109 2200 magnis

109 2197 235 2246 beneficiis
246 2197 299 2246 eius
309 2197 390 2257 debet,
404 2196 522 2246 satisfacit
538 2206 563 2247 et
579 2199 670 2261 pedem
687 2199 760 2248 refert
772 2200 805 2249 ab
822 2201 985 2249 insectatione
999 2202 1108 2256 testium,

109 2262 199 2326 quibus
209 2261 271 2311 dicit
286 2277 339 2311 esse
355 2261 514 2325 parcendum.
550 2273 647 2311 senor..
663 2274 726 2313 ver.
762 2263 801 2312 Cf.
822 2271 883 2312 orat.
896 2272 960 2327 part.
979 2275 1029 2312 xw
1047 2265 1061 2323 5
1076 2281 1109 2330 49

109 2343 170 2375 nam
186 2327 248 2375 etde
263 2333 310 2375 toto
324 2340 411 2390 genere
427 2326 531 2385 testium,
548 2341 625 2390 quam
641 2327 670 2374 ia'
686 2328 719 2375 sit
735 2327 876 2390 infirmum,
897 2334 965 2391 saepe
979 2328 1108 2376 dr'cmdum

108 2398 149 2451 est,
163 2397 188 2440 et
201 2397 349 2454 argumenta
360 2405 444 2438 rerum
455 2406 503 2438 esse
507 2391 619 2454 propria,
633 2391 770 2440 testimonia
781 2391 939 2440 voluntatum
947 2408 958 2448 ,¹
979 2393 1108 2440 utendum-

109 2472 154 2520 que
164 2462 199 2504 est
208 2455 330 2519 exernplru
341 2454 431 2518 quibus
441 2454 541 2503 testibus
548 2455 666 2504 creditum
677 2471 727 2504 non
738 2456 772 2503 sit
777 2468 790 2512 ,¹
810 2462 834 2504 et
843 2457 873 2504 de
882 2455 991 2519 singtilis
999 2457 1104 2515 testibus,

109 2521 133 2570 si
141 2527 235 2569 natura
246 2520 315 2580 vani,
329 2521 352 2568 si
366 2520 433 2579 lctus,
446 2520 470 2567 si
482 2534 538 2567 cum
550 2519 695 2583 ignominia,
708 2521 733 2568 si
742 2527 788 2582 spe,
802 2520 826 2568 si
840 2526 913 2580 metu,
926 2522 949 2568 si
965 2520 1107 2576 iracundia,

108 2585 133 2635 si
147 2584 314 2634 misen'cordia
330 2584 440 2647 impulsi,
453 2583 478 2632 si
489 2583 610 2647 praeusto,
628 2585 653 2632 si
666 2585 754 2645 gratia
768 2584 867 2633 adducti
875 2599 885 2642 ;
906 2586 1110 2650 conparandum

109 2656 231 2720 superiore
240 2670 297 2703 cum
308 2652 454 2702 auctoritate
463 2652 562 2700 testium
567 2669 578 2710 ,·
594 2649 629 2699 ib.
640 2652 654 2710 5
667 2663 708 2713 51.

156 2755 210 2791 nou
231 2754 284 2800 quo
304 2744 372 2791 mihi
391 2744 434 2790 tas
455 2743 492 2790 sit
514 2745 718 2800 domeure-sed
741 2747 805 2804 quta
828 2757 913 2801 neque
934 2758 1039 2796 neuen
1056 2747 1107 2809 est]

109 2811 168 2857 ‘not
180 2807 242 2867 that,
253 2823 282 2856 or
292 2815 336 2856 not
347 2822 374 2856 as
384 2805 411 2866 if,
426 2805 440 2856 1
451 2821 498 2856 can
508 2807 669 2872 consistently
677 2809 738 2858 with
749 2811 811 2874 duty
822 2811 900 2859 evade
911 2811 1108 2876 anything-but

107 2873 213 2922 because
229 2873 249 2921 it
265 2872 286 2921 is
301 2878 345 2921 not
360 2871 506 2935 necessary!
539 2871 581 2921 On
595 2873 638 2922 the
653 2873 785 2923 difference
800 2875 913 2924 between
928 2892 979 2925 non
994 2892 1040 2940 quo
1057 2878 1107 2925 und

109 2953 159 2985 non
175 2938 241 3001 quod
255 2952 296 2986 sec
313 2937 418 2986 Kiihner
430 2943 457 2984 to
472 2937 546 2985 Tuse.
560 2948 581 2985 11
599 2937 612 2996 5
625 2935 657 3000 64
668 2939 719 2987 and
730 2938 761 2988 cf.
775 2939 861 2990 Madv.
876 2939 920 2989 Gr.
933 2941 946 3000 5
959 2954 1005 3004 357
1018 2941 1036 2991 b
1049 2942 1104 3000 obn,

108 3000 191 3052 Kenn.
205 3002 249 3051 Gr.
265 3019 290 3066 p.
303 3000 358 3064 460,
373 3001 464 3065 Zumpt
475 3001 520 3050 Gr.
534 3003 562 3061 55
574 3014 629 3064 537,
644 3015 699 3066 572..

154 3101 173 3145 1.
185 3102 210 3147 9.
242 3101 367 3158 persequi
376 3098 449 3160 vuer]
477 3101 520 3148 ‘to
531 3098 616 3148 follow
626 3107 677 3158 out,
692 3108 729 3150 set
741 3100 814 3157 forth,
830 3100 928 3166 orally,'
939 3101 970 3152 cf.
985 3102 1017 3151 de
1027 3102 1068 3153 off.
1080 3116 1105 3167 Ι[ι

108 3160 162 3222 587
180 3161 197 3210 1.
213 3176 244 3223 30
254 3163 301 3210 har
315 3178 352 3211 res
363 3162 497 3226 Xenophon
503 3170 677 3226 persecutus
692 3167 766 3215 estin
776 3166 880 3227 eolibra,
892 3183 931 3231 ep.
946 3167 980 3216 ad
996 3167 1056 3216 fam.
1068 3180 1106 3217 xv

107 3237 148 3284 αι,
160 3236 174 3284 3
185 3240 213 3272 ea
223 3241 286 3289 quae
295 3228 420 3291 scriptura
427 3233 597 3290 persecutus
606 3245 639 3277 es.

79 3330 164 3432 efflei
178 3332 218 3377 10.
253 3333 298 3381 rra
317 3336 351 3383 tle
364 3345 409 3384 me
424 3336 515 3386 muru
531 3334 605 3398 sunt]
622 3335 665 3386 ie.
686 3336 712 3386 in
731 3338 880 3403 supporting
897 3336 939 3392 his
954 3337 1028 3389 recall
1045 3337 1108 3388 stom
