<?xml version="1.0" encoding="UTF-8"?>
<!DOCTYPE html PUBLIC "-//W3C//DTD XHTML 1.0 Transitional//EN"
    "http://www.w3.org/TR/xhtml1/DTD/xhtml1-transitional.dtd">
<html xmlns="http://www.w3.org/1999/xhtml" xml:lang="en" lang="en">
 <head>
  <title>
</title>
<meta http-equiv="Content-Type" content="text/html;charset=utf-8" />
  <meta name='ocr-system' content='tesseract 3.04.00' />
  <meta name='ocr-capabilities' content='ocr_page ocr_carea ocr_par ocr_line ocrx_word'/>
</head>
<body>
  <div class='ocr_page' id='page_1' title='image "./mtvlliciceronis01holdgoog/mtvlliciceronis01holdgoog_0288.png"; bbox 0 0 2406 3788; ppageno 0'>
   <div class='ocr_carea' id='block_1_1' title="bbox 483 207 1115 281">
    <p class='ocr_par' dir='ltr' id='par_1_1' title="bbox 483 207 1115 281">
     <span class='ocr_line' id='line_1_1' title="bbox 483 207 1115 281; baseline -0.003 -15"><span class='ocrx_word' id='word_1_1' title='bbox 483 276 486 281; x_wconf 20' lang='lat'><strong>⁴</strong></span> <span class='ocrx_word' id='word_1_2' title='bbox 518 207 673 266; x_wconf 82' lang='lat' dir='ltr'><em>INDEX</em></span> <span class='ocrx_word' id='word_1_3' title='bbox 698 209 730 266; x_wconf 72' lang='lat' dir='ltr'><strong>lv</strong></span> <span class='ocrx_word' id='word_1_4' title='bbox 1058 223 1115 281; x_wconf 86' lang='lat'><strong>219</strong></span> 
     </span>
    </p>
   </div>
   <div class='ocr_carea' id='block_1_2' title="bbox 108 328 1141 2592">
    <p class='ocr_par' dir='ltr' id='par_1_2' title="bbox 115 328 1116 479">
     <span class='ocr_line' id='line_1_2' title="bbox 115 328 1116 399; baseline -0.003 -16"><span class='ocrx_word' id='word_1_5' title='bbox 115 332 249 398; x_wconf 80' lang='lat' dir='ltr'><em>Allifanus</em></span> <span class='ocrx_word' id='word_1_6' title='bbox 269 339 369 393; x_wconf 82' lang='lat' dir='ltr'><strong>tractus,</strong></span> <span class='ocrx_word' id='word_1_7' title='bbox 391 332 457 382; x_wconf 91' lang='lat' dir='ltr'><strong>circa</strong></span> <span class='ocrx_word' id='word_1_8' title='bbox 477 331 582 398; x_wconf 84' lang='lat' dir='ltr'><strong>Allifas,</strong></span> <span class='ocrx_word' id='word_1_9' title='bbox 607 328 729 399; x_wconf 81' lang='lat' dir='ltr'><strong>oppidum</strong></span> <span class='ocrx_word' id='word_1_10' title='bbox 752 331 903 384; x_wconf 81' lang='lat' dir='ltr'><strong>Samnitium</strong></span> <span class='ocrx_word' id='word_1_11' title='bbox 925 347 998 398; x_wconf 88' lang='lat' dir='ltr'><strong>supra</strong></span> <span class='ocrx_word' id='word_1_12' title='bbox 1020 331 1116 381; x_wconf 86' lang='lat' dir='ltr'><strong>laevam</strong></span> 
     </span>
     <span class='ocr_line' id='line_1_3' title="bbox 148 412 447 479; baseline 0.007 -17"><span class='ocrx_word' id='word_1_13' title='bbox 148 413 266 464; x_wconf 87' lang='lat' dir='ltr'>Volturni</span> <span class='ocrx_word' id='word_1_14' title='bbox 278 413 359 479; x_wconf 84' lang='lat' dir='ltr'><strong>ripam</strong></span> <span class='ocrx_word' id='word_1_15' title='bbox 370 414 402 461; x_wconf 84' lang='lat'><strong>22</strong></span> <span class='ocrx_word' id='word_1_16' title='bbox 415 412 447 464; x_wconf 80' lang='lat'><strong>26</strong></span> 
     </span>
    </p>

    <p class='ocr_par' dir='ltr' id='par_1_3' title="bbox 120 493 1116 639">
     <span class='ocr_line' id='line_1_4' title="bbox 120 493 1116 562; baseline 0 -18"><span class='ocrx_word' id='word_1_17' title='bbox 120 493 151 544; x_wconf 86' lang='grc' dir='ltr'>Τ.</span> <span class='ocrx_word' id='word_1_18' title='bbox 160 494 273 558; x_wconf 80' lang='lat' dir='ltr'><strong>Ampius</strong></span> <span class='ocrx_word' id='word_1_19' title='bbox 286 494 390 553; x_wconf 81' lang='lat' dir='ltr'><em>Balbus,</em></span> <span class='ocrx_word' id='word_1_20' title='bbox 403 493 578 561; x_wconf 89' lang='lat' dir='ltr'><strong>Pompeianus,</strong></span> <span class='ocrx_word' id='word_1_21' title='bbox 590 510 637 562; x_wconf 90' lang='lat' dir='ltr'><strong>pro</strong></span> <span class='ocrx_word' id='word_1_22' title='bbox 653 511 705 546; x_wconf 87' lang='lat' dir='ltr'><strong>cos.</strong></span> <span class='ocrx_word' id='word_1_23' title='bbox 715 494 827 552; x_wconf 85' lang='lat' dir='ltr'><strong>Ciliciae,</strong></span> <span class='ocrx_word' id='word_1_24' title='bbox 839 501 869 546; x_wconf 89' lang='lat' dir='ltr'><strong>tr.</strong></span> <span class='ocrx_word' id='word_1_25' title='bbox 883 494 919 561; x_wconf 89' lang='lat' dir='ltr'><strong>pl.</strong></span> <span class='ocrx_word' id='word_1_26' title='bbox 931 510 955 544; x_wconf 88' lang='grc'><strong>9.</strong></span> <span class='ocrx_word' id='word_1_27' title='bbox 967 493 1006 559; x_wconf 81' lang='lat'><strong>63,</strong></span> <span class='ocrx_word' id='word_1_28' title='bbox 1016 499 1116 560; x_wconf 88' lang='lat' dir='ltr'><strong>praetor</strong></span> 
     </span>
     <span class='ocr_line' id='line_1_5' title="bbox 146 576 316 639; baseline 0.012 -13"><span class='ocrx_word' id='word_1_29' title='bbox 146 576 316 639; x_wconf 54' lang='lat' dir='ltr'><strong>affiffiu</strong></span> 
     </span>
    </p>

    <p class='ocr_par' dir='ltr' id='par_1_4' title="bbox 113 659 392 726">
     <span class='ocr_line' id='line_1_6' title="bbox 113 659 392 726; baseline 0.004 -17"><span class='ocrx_word' id='word_1_30' title='bbox 113 660 234 710; x_wconf 70' lang='lat' dir='ltr'><strong>Ant&#39;ensa</strong></span> <span class='ocrx_word' id='word_1_31' title='bbox 243 661 322 710; x_wconf 83' lang='lat' dir='ltr'><strong>tribus</strong></span> <span class='ocrx_word' id='word_1_32' title='bbox 334 659 365 710; x_wconf 77' lang='lat'><strong>54</strong></span> <span class='ocrx_word' id='word_1_33' title='bbox 378 673 392 726; x_wconf 96' lang='grc'>7</span> 
     </span>
    </p>

    <p class='ocr_par' dir='ltr' id='par_1_5' title="bbox 114 740 1114 889">
     <span class='ocr_line' id='line_1_7' title="bbox 114 740 1114 806; baseline 0 -17"><span class='ocrx_word' id='word_1_34' title='bbox 114 740 155 789; x_wconf 88' lang='lat' dir='ltr'><strong>M.</strong></span> <span class='ocrx_word' id='word_1_35' title='bbox 164 740 301 802; x_wconf 81' lang='lat' dir='ltr'><strong>Antonius,</strong></span> <span class='ocrx_word' id='word_1_36' title='bbox 310 749 397 790; x_wconf 82' lang='lat' dir='ltr'><strong>orator</strong></span> <span class='ocrx_word' id='word_1_37' title='bbox 407 757 525 803; x_wconf 86' lang='lat' dir='ltr'><strong>summus,</strong></span> <span class='ocrx_word' id='word_1_38' title='bbox 537 757 599 791; x_wconf 86' lang='lat' dir='ltr'><strong>avus</strong></span> <span class='ocrx_word' id='word_1_39' title='bbox 609 741 739 801; x_wconf 85' lang='lat' dir='ltr'><strong>triumviri,</strong></span> <span class='ocrx_word' id='word_1_40' title='bbox 753 757 778 793; x_wconf 91' lang='lat' dir='ltr'><strong>n.</strong></span> <span class='ocrx_word' id='word_1_41' title='bbox 791 757 816 791; x_wconf 89' lang='lat' dir='ltr'><strong>a.</strong></span> <span class='ocrx_word' id='word_1_42' title='bbox 829 755 884 805; x_wconf 82' lang='grc'>145,</span> <span class='ocrx_word' id='word_1_43' title='bbox 899 756 949 791; x_wconf 91' lang='grc'>995.</span> <span class='ocrx_word' id='word_1_44' title='bbox 963 756 986 790; x_wconf 86' lang='grc'><strong>9.</strong></span> <span class='ocrx_word' id='word_1_45' title='bbox 996 753 1035 806; x_wconf 90' lang='grc'><strong>99,</strong></span> <span class='ocrx_word' id='word_1_46' title='bbox 1047 756 1114 791; x_wconf 89' lang='lat' dir='ltr'><strong>cens.</strong></span> 
     </span>
     <span class='ocr_line' id='line_1_8' title="bbox 145 823 829 889; baseline 0.001 -17"><span class='ocrx_word' id='word_1_47' title='bbox 145 838 169 872; x_wconf 89' lang='grc'><strong>9.</strong></span> <span class='ocrx_word' id='word_1_48' title='bbox 182 835 232 889; x_wconf 88' lang='grc'><strong>97;</strong></span> <span class='ocrx_word' id='word_1_49' title='bbox 249 823 280 872; x_wconf 89' lang='lat' dir='ltr'><strong>C.</strong></span> <span class='ocrx_word' id='word_1_50' title='bbox 293 823 369 873; x_wconf 88' lang='lat' dir='ltr'><strong>Marii</strong></span> <span class='ocrx_word' id='word_1_51' title='bbox 379 823 447 874; x_wconf 90' lang='lat' dir='ltr'><strong>iussu</strong></span> <span class='ocrx_word' id='word_1_52' title='bbox 458 840 482 875; x_wconf 89' lang='grc'><strong>9.</strong></span> <span class='ocrx_word' id='word_1_53' title='bbox 497 827 527 888; x_wconf 91' lang='grc'><strong>87</strong></span> <span class='ocrx_word' id='word_1_54' title='bbox 538 824 683 875; x_wconf 82' lang='lat' dir='ltr'><strong>interfectus</strong></span> <span class='ocrx_word' id='word_1_55' title='bbox 694 831 739 884; x_wconf 90' lang='lat' dir='ltr'><strong>est,</strong></span> <span class='ocrx_word' id='word_1_56' title='bbox 753 824 786 872; x_wconf 81' lang='grc'><strong>93</strong></span> <span class='ocrx_word' id='word_1_57' title='bbox 799 823 829 874; x_wconf 87' lang='grc'><strong>16</strong></span> 
     </span>
    </p>

    <p class='ocr_par' dir='ltr' id='par_1_6' title="bbox 114 903 1111 1051">
     <span class='ocr_line' id='line_1_9' title="bbox 114 903 1111 971; baseline 0 -19"><span class='ocrx_word' id='word_1_58' title='bbox 114 903 164 952; x_wconf 82' lang='lat' dir='ltr'><strong>Cn.</strong></span> <span class='ocrx_word' id='word_1_59' title='bbox 181 903 322 967; x_wconf 81' lang='lat' dir='ltr'><em>Appuleius</em></span> <span class='ocrx_word' id='word_1_60' title='bbox 337 904 503 962; x_wconf 80' lang='lat' dir='ltr'><em>Saturninus,</em></span> <span class='ocrx_word' id='word_1_61' title='bbox 521 905 553 955; x_wconf 86' lang='lat' dir='ltr'><strong>L.</strong></span> <span class='ocrx_word' id='word_1_62' title='bbox 562 905 592 971; x_wconf 76' lang='lat' dir='ltr'><strong>f.</strong></span> <span class='ocrx_word' id='word_1_63' title='bbox 609 905 658 955; x_wconf 88' lang='lat' dir='ltr'><strong>Cn.</strong></span> <span class='ocrx_word' id='word_1_64' title='bbox 676 905 772 955; x_wconf 89' lang='lat' dir='ltr'><strong>Plancii</strong></span> <span class='ocrx_word' id='word_1_65' title='bbox 788 905 815 956; x_wconf 91' lang='lat' dir='ltr'><strong>in</strong></span> <span class='ocrx_word' id='word_1_66' title='bbox 831 905 906 955; x_wconf 88' lang='lat' dir='ltr'><strong>Creta</strong></span> <span class='ocrx_word' id='word_1_67' title='bbox 919 903 1111 962; x_wconf 88' lang='lat' dir='ltr'><strong>contubernalis,</strong></span> 
     </span>
     <span class='ocr_line' id='line_1_10' title="bbox 145 983 1103 1051; baseline -0.001 -17"><span class='ocrx_word' id='word_1_68' title='bbox 145 984 198 1034; x_wconf 85' lang='lat' dir='ltr'><strong>eius</strong></span> <span class='ocrx_word' id='word_1_69' title='bbox 213 986 374 1051; x_wconf 84' lang='lat' dir='ltr'><strong>propinquus,</strong></span> <span class='ocrx_word' id='word_1_70' title='bbox 388 987 412 1035; x_wconf 92' lang='lat' dir='ltr'><strong>ei</strong></span> <span class='ocrx_word' id='word_1_71' title='bbox 427 986 453 1035; x_wconf 89' lang='lat' dir='ltr'><strong>in</strong></span> <span class='ocrx_word' id='word_1_72' title='bbox 468 985 562 1036; x_wconf 91' lang='lat' dir='ltr'><strong>iudicio</strong></span> <span class='ocrx_word' id='word_1_73' title='bbox 577 985 657 1036; x_wconf 82' lang='lat' dir='ltr'><strong>adsuit</strong></span> <span class='ocrx_word' id='word_1_74' title='bbox 673 985 706 1036; x_wconf 86' lang='grc'>27</span> <span class='ocrx_word' id='word_1_75' title='bbox 723 998 763 1050; x_wconf 90' lang='grc'><strong>97,</strong></span> <span class='ocrx_word' id='word_1_76' title='bbox 782 985 953 1036; x_wconf 88' lang='lat' dir='ltr'><strong>ornatissimus</strong></span> <span class='ocrx_word' id='word_1_77' title='bbox 967 983 1007 1034; x_wconf 81' lang='lat' dir='ltr'><strong>vir</strong></span> <span class='ocrx_word' id='word_1_78' title='bbox 1022 984 1055 1034; x_wconf 98' lang='grc'><strong>29</strong></span> <span class='ocrx_word' id='word_1_79' title='bbox 1074 987 1103 1033; x_wconf 87' lang='grc'><strong>18</strong></span> 
     </span>
    </p>

    <p class='ocr_par' dir='ltr' id='par_1_7' title="bbox 113 1062 1114 1205">
     <span class='ocr_line' id='line_1_11' title="bbox 113 1062 1114 1131; baseline -0.001 -18"><span class='ocrx_word' id='word_1_80' title='bbox 113 1062 144 1113; x_wconf 88' lang='grc' dir='ltr'>Ι..</span> <span class='ocrx_word' id='word_1_81' title='bbox 162 1065 301 1128; x_wconf 80' lang='lat' dir='ltr'><strong>Appuleius</strong></span> <span class='ocrx_word' id='word_1_82' title='bbox 315 1066 479 1127; x_wconf 73' lang='lat' dir='ltr'><strong>Soluntinus,</strong></span> <span class='ocrx_word' id='word_1_83' title='bbox 499 1065 599 1127; x_wconf 88' lang='lat' dir='ltr'><strong>Atinas,</strong></span> <span class='ocrx_word' id='word_1_84' title='bbox 613 1065 708 1127; x_wconf 90' lang='lat' dir='ltr'><strong>aedilis,</strong></span> <span class='ocrx_word' id='word_1_85' title='bbox 722 1071 855 1131; x_wconf 77' lang='lat' dir='ltr'><strong>praetore.</strong></span> <span class='ocrx_word' id='word_1_86' title='bbox 873 1067 904 1127; x_wconf 85' lang='lat'><strong>58</strong></span> <span class='ocrx_word' id='word_1_87' title='bbox 922 1063 949 1114; x_wconf 90' lang='lat' dir='ltr'><strong>in</strong></span> <span class='ocrx_word' id='word_1_88' title='bbox 964 1063 1114 1113; x_wconf 86' lang='lat' dir='ltr'><strong>Macedonia</strong></span> 
     </span>
     <span class='ocr_line' id='line_1_12' title="bbox 145 1142 301 1205; baseline 0.019 -14"><span class='ocrx_word' id='word_1_89' title='bbox 145 1144 177 1192; x_wconf 84' lang='grc'>28</span> <span class='ocrx_word' id='word_1_90' title='bbox 188 1142 211 1205; x_wconf 92' lang='lat'><strong>6,</strong></span> <span class='ocrx_word' id='word_1_91' title='bbox 226 1145 258 1196; x_wconf 90' lang='grc'><strong>99</strong></span> <span class='ocrx_word' id='word_1_92' title='bbox 271 1159 301 1195; x_wconf 89' lang='grc'><strong>99</strong></span> 
     </span>
    </p>

    <p class='ocr_par' dir='ltr' id='par_1_8' title="bbox 111 1226 1113 1373">
     <span class='ocr_line' id='line_1_13' title="bbox 111 1226 1113 1294; baseline -0.001 -17"><span class='ocrx_word' id='word_1_93' title='bbox 111 1227 253 1293; x_wconf 75' lang='lat' dir='ltr'><strong>Aquneum,</strong></span> <span class='ocrx_word' id='word_1_94' title='bbox 266 1227 430 1294; x_wconf 89' lang='lat' dir='ltr'><strong>municipium</strong></span> <span class='ocrx_word' id='word_1_95' title='bbox 444 1228 511 1278; x_wconf 87' lang='lat' dir='ltr'><strong>Latii</strong></span> <span class='ocrx_word' id='word_1_96' title='bbox 522 1227 645 1293; x_wconf 81' lang='lat' dir='ltr'>frequens,</span> <span class='ocrx_word' id='word_1_97' title='bbox 659 1227 688 1279; x_wconf 90' lang='lat' dir='ltr'><strong>h.</strong></span> <span class='ocrx_word' id='word_1_98' title='bbox 705 1226 835 1293; x_wconf 85' lang='lat' dir='ltr'><strong>Aquino.</strong></span> <span class='ocrx_word' id='word_1_99' title='bbox 869 1227 1018 1294; x_wconf 80' lang='lat' dir='ltr'><em>Aquinates,</em></span> <span class='ocrx_word' id='word_1_100' title='bbox 1037 1226 1113 1278; x_wconf 84' lang='lat' dir='ltr'><strong>vicini</strong></span> 
     </span>
     <span class='ocr_line' id='line_1_14' title="bbox 143 1306 595 1373; baseline 0 -17"><span class='ocrx_word' id='word_1_101' title='bbox 143 1306 308 1373; x_wconf 82' lang='lat' dir='ltr'><strong>Arpinatibus</strong></span> <span class='ocrx_word' id='word_1_102' title='bbox 318 1315 344 1358; x_wconf 87' lang='lat' dir='ltr'><strong>et</strong></span> <span class='ocrx_word' id='word_1_103' title='bbox 354 1308 507 1369; x_wconf 83' lang='lat' dir='ltr'><strong>Atinatibus,</strong></span> <span class='ocrx_word' id='word_1_104' title='bbox 520 1309 552 1356; x_wconf 95' lang='grc'><strong>22</strong></span> <span class='ocrx_word' id='word_1_105' title='bbox 565 1321 595 1370; x_wconf 89' lang='grc'><strong>95</strong></span> 
     </span>
    </p>

    <p class='ocr_par' dir='ltr' id='par_1_9' title="bbox 110 1388 1112 1861">
     <span class='ocr_line' id='line_1_15' title="bbox 110 1388 1112 1456; baseline 0.002 -19"><span class='ocrx_word' id='word_1_106' title='bbox 110 1390 225 1452; x_wconf 83' lang='lat' dir='ltr'><strong>Arpinas</strong></span> <span class='ocrx_word' id='word_1_107' title='bbox 238 1406 269 1440; x_wconf 86' lang='lat' dir='ltr'><strong>ex</strong></span> <span class='ocrx_word' id='word_1_108' title='bbox 285 1390 386 1454; x_wconf 80' lang='lat' dir='ltr'><strong>Arpina</strong></span> <span class='ocrx_word' id='word_1_109' title='bbox 403 1392 540 1456; x_wconf 86' lang='lat' dir='ltr'><strong>quoderat</strong></span> <span class='ocrx_word' id='word_1_110' title='bbox 556 1391 707 1441; x_wconf 88' lang='lat' dir='ltr'><strong>Volscorum</strong></span> <span class='ocrx_word' id='word_1_111' title='bbox 723 1391 846 1455; x_wconf 90' lang='lat' dir='ltr'><strong>oppidum</strong></span> <span class='ocrx_word' id='word_1_112' title='bbox 862 1388 889 1440; x_wconf 91' lang='lat' dir='ltr'><strong>in</strong></span> <span class='ocrx_word' id='word_1_113' title='bbox 903 1391 969 1442; x_wconf 90' lang='lat' dir='ltr'><strong>colle</strong></span> <span class='ocrx_word' id='word_1_114' title='bbox 984 1391 1064 1441; x_wconf 90' lang='lat' dir='ltr'><strong>arduo</strong></span> <span class='ocrx_word' id='word_1_115' title='bbox 1080 1391 1112 1439; x_wconf 89' lang='lat' dir='ltr'><strong>ad</strong></span> 
     </span>
     <span class='ocr_line' id='line_1_16' title="bbox 145 1469 1111 1535; baseline -0.001 -15"><span class='ocrx_word' id='word_1_116' title='bbox 145 1471 281 1521; x_wconf 85' lang='lat' dir='ltr'><strong>Fibrenum</strong></span> <span class='ocrx_word' id='word_1_117' title='bbox 296 1478 321 1520; x_wconf 91' lang='lat' dir='ltr'><strong>et</strong></span> <span class='ocrx_word' id='word_1_118' title='bbox 337 1471 416 1520; x_wconf 87' lang='lat' dir='ltr'><strong>Lirim</strong></span> <span class='ocrx_word' id='word_1_119' title='bbox 430 1471 534 1520; x_wconf 86' lang='lat' dir='ltr'><strong>flumina</strong></span> <span class='ocrx_word' id='word_1_120' title='bbox 545 1471 628 1531; x_wconf 89' lang='lat' dir='ltr'><strong>situm,</strong></span> <span class='ocrx_word' id='word_1_121' title='bbox 644 1471 748 1520; x_wconf 87' lang='lat' dir='ltr'><strong>Samnio</strong></span> <span class='ocrx_word' id='word_1_122' title='bbox 759 1469 864 1530; x_wconf 89' lang='lat' dir='ltr'><strong>confine,</strong></span> <span class='ocrx_word' id='word_1_123' title='bbox 878 1471 1042 1535; x_wconf 89' lang='lat' dir='ltr'><strong>municipium</strong></span> <span class='ocrx_word' id='word_1_124' title='bbox 1052 1471 1111 1521; x_wconf 91' lang='lat' dir='ltr'><strong>inde</strong></span> 
     </span>
     <span class='ocr_line' id='line_1_17' title="bbox 143 1553 1107 1618; baseline 0.002 -15"><span class='ocrx_word' id='word_1_125' title='bbox 143 1553 242 1604; x_wconf 89' lang='lat' dir='ltr'><strong>abello</strong></span> <span class='ocrx_word' id='word_1_126' title='bbox 262 1554 400 1604; x_wconf 88' lang='lat' dir='ltr'><strong>Samnitico</strong></span> <span class='ocrx_word' id='word_1_127' title='bbox 421 1555 500 1603; x_wconf 89' lang='lat' dir='ltr'><strong>altero</strong></span> <span class='ocrx_word' id='word_1_128' title='bbox 518 1553 591 1603; x_wconf 86' lang='lat' dir='ltr'><strong>finito</strong></span> <span class='ocrx_word' id='word_1_129' title='bbox 609 1570 634 1604; x_wconf 87' lang='lat' dir='ltr'><strong>a.</strong></span> <span class='ocrx_word' id='word_1_130' title='bbox 653 1568 709 1616; x_wconf 79' lang='lat'><strong>303,</strong></span> <span class='ocrx_word' id='word_1_131' title='bbox 731 1553 849 1618; x_wconf 85' lang='lat' dir='ltr'><strong>suffragio</strong></span> <span class='ocrx_word' id='word_1_132' title='bbox 867 1553 988 1603; x_wconf 87' lang='lat' dir='ltr'><strong>donatum</strong></span> <span class='ocrx_word' id='word_1_133' title='bbox 1007 1570 1031 1603; x_wconf 88' lang='grc'><strong>9.</strong></span> <span class='ocrx_word' id='word_1_134' title='bbox 1053 1556 1107 1614; x_wconf 90' lang='lat'><em>188,</em></span> 
     </span>
     <span class='ocr_line' id='line_1_18' title="bbox 143 1632 1108 1699; baseline 0.001 -17"><span class='ocrx_word' id='word_1_135' title='bbox 143 1633 294 1683; x_wconf 85' lang='lat' dir='ltr'><strong>Ciceronum</strong></span> <span class='ocrx_word' id='word_1_136' title='bbox 305 1641 330 1684; x_wconf 87' lang='lat' dir='ltr'><strong>et</strong></span> <span class='ocrx_word' id='word_1_137' title='bbox 341 1634 417 1683; x_wconf 86' lang='lat' dir='ltr'><strong>Marii</strong></span> <span class='ocrx_word' id='word_1_138' title='bbox 434 1634 523 1699; x_wconf 89' lang='lat' dir='ltr'><strong>patria.</strong></span> <span class='ocrx_word' id='word_1_139' title='bbox 557 1634 778 1684; x_wconf 85' lang='lat' dir='ltr'><strong>Ciceronumvilla</strong></span> <span class='ocrx_word' id='word_1_140' title='bbox 794 1638 846 1683; x_wconf 89' lang='lat' dir='ltr'><strong>erat</strong></span> <span class='ocrx_word' id='word_1_141' title='bbox 863 1632 889 1682; x_wconf 91' lang='lat' dir='ltr'><strong>in</strong></span> <span class='ocrx_word' id='word_1_142' title='bbox 907 1634 1008 1683; x_wconf 89' lang='lat' dir='ltr'><strong>Fibreni</strong></span> <span class='ocrx_word' id='word_1_143' title='bbox 1020 1633 1108 1693; x_wconf 88' lang='lat' dir='ltr'><strong>insula,</strong></span> 
     </span>
     <span class='ocr_line' id='line_1_19' title="bbox 142 1712 1110 1780; baseline 0.001 -17"><span class='ocrx_word' id='word_1_144' title='bbox 142 1712 170 1763; x_wconf 89' lang='lat' dir='ltr'><strong>h.</strong></span> <span class='ocrx_word' id='word_1_145' title='bbox 188 1713 271 1764; x_wconf 89' lang='lat' dir='ltr'><strong>Isola</strong></span> <span class='ocrx_word' id='word_1_146' title='bbox 285 1713 317 1763; x_wconf 91' lang='lat' dir='ltr'><strong>di</strong></span> <span class='ocrx_word' id='word_1_147' title='bbox 332 1714 360 1765; x_wconf 89' lang='lat' dir='ltr'><strong>S.</strong></span> <span class='ocrx_word' id='word_1_148' title='bbox 376 1714 477 1766; x_wconf 85' lang='lat' dir='ltr'><strong>Paulo.</strong></span> <span class='ocrx_word' id='word_1_149' title='bbox 519 1714 683 1780; x_wconf 84' lang='lat' dir='ltr'><strong>Arpinates</strong></span> <span class='ocrx_word' id='word_1_150' title='bbox 698 1712 800 1778; x_wconf 86' lang='lat' dir='ltr'><strong>gloriari</strong></span> <span class='ocrx_word' id='word_1_151' title='bbox 814 1712 928 1764; x_wconf 89' lang='lat' dir='ltr'><strong>solebant</strong></span> <span class='ocrx_word' id='word_1_152' title='bbox 944 1714 976 1764; x_wconf 87' lang='lat' dir='ltr'><strong>de</strong></span> <span class='ocrx_word' id='word_1_153' title='bbox 992 1714 1043 1764; x_wconf 90' lang='lat' dir='ltr'><strong>suis</strong></span> <span class='ocrx_word' id='word_1_154' title='bbox 1059 1730 1110 1764; x_wconf 89' lang='lat' dir='ltr'><strong>mu-</strong></span> 
     </span>
     <span class='ocr_line' id='line_1_20' title="bbox 142 1794 445 1861; baseline 0 -18"><span class='ocrx_word' id='word_1_155' title='bbox 142 1794 266 1861; x_wconf 86' lang='lat' dir='ltr'><strong>uicipibus</strong></span> <span class='ocrx_word' id='word_1_156' title='bbox 277 1794 310 1842; x_wconf 89' lang='grc'><strong>20</strong></span> <span class='ocrx_word' id='word_1_157' title='bbox 318 1810 358 1859; x_wconf 83' lang='lat'><strong>30,</strong></span> <span class='ocrx_word' id='word_1_158' title='bbox 370 1795 402 1843; x_wconf 90' lang='grc'><strong>22</strong></span> <span class='ocrx_word' id='word_1_159' title='bbox 414 1809 445 1858; x_wconf 81' lang='grc'><strong>94</strong></span> 
     </span>
    </p>

    <p class='ocr_par' dir='ltr' id='par_1_10' title="bbox 109 1864 1141 2025">
     <span class='ocr_line' id='line_1_21' title="bbox 109 1864 1141 1942; baseline 0.002 -18"><span class='ocrx_word' id='word_1_160' title='bbox 109 1877 143 1924; x_wconf 87' lang='grc' dir='ltr'>Α.</span> <span class='ocrx_word' id='word_1_161' title='bbox 153 1876 250 1926; x_wconf 82' lang='lat' dir='ltr'><strong>Atilius</strong></span> <span class='ocrx_word' id='word_1_162' title='bbox 263 1876 396 1925; x_wconf 84' lang='lat' dir='ltr'><strong>Calatinus</strong></span> <span class='ocrx_word' id='word_1_163' title='bbox 412 1892 462 1926; x_wconf 93' lang='lat' dir='ltr'><strong>cos.</strong></span> <span class='ocrx_word' id='word_1_164' title='bbox 474 1892 498 1926; x_wconf 90' lang='lat' dir='ltr'><strong>a.</strong></span> <span class='ocrx_word' id='word_1_165' title='bbox 511 1890 525 1924; x_wconf 94' lang='grc'><strong>9</strong></span> <span class='ocrx_word' id='word_1_166' title='bbox 529 1878 646 1939; x_wconf 85' lang='lat' dir='ltr'><strong>58,-anno</strong></span> <span class='ocrx_word' id='word_1_167' title='bbox 661 1882 718 1942; x_wconf 86' lang='lat' dir='ltr'><strong>post</strong></span> <span class='ocrx_word' id='word_1_168' title='bbox 735 1891 766 1925; x_wconf 86' lang='lat' dir='ltr'><strong>ex</strong></span> <span class='ocrx_word' id='word_1_169' title='bbox 783 1875 869 1927; x_wconf 83' lang='lat' dir='ltr'><strong>Sicilia</strong></span> <span class='ocrx_word' id='word_1_170' title='bbox 879 1877 913 1926; x_wconf 87' lang='lat' dir='ltr'><strong>de</strong></span> <span class='ocrx_word' id='word_1_171' title='bbox 923 1875 1014 1926; x_wconf 88' lang='lat' dir='ltr'><strong>Poenis</strong></span> <span class='ocrx_word' id='word_1_172' title='bbox 1025 1876 1110 1926; x_wconf 90' lang='lat' dir='ltr'><strong>trium·</strong></span> <span class='ocrx_word' id='word_1_173' title='bbox 1139 1864 1141 1868; x_wconf 39' lang='lat'>¹</span> 
     </span>
     <span class='ocr_line' id='line_1_22' title="bbox 142 1955 631 2025; baseline 0.002 -20"><span class='ocrx_word' id='word_1_174' title='bbox 142 1956 238 2023; x_wconf 90' lang='lat' dir='ltr'><strong>phavit,</strong></span> <span class='ocrx_word' id='word_1_175' title='bbox 251 1955 341 2007; x_wconf 89' lang='lat' dir='ltr'><strong>iterum</strong></span> <span class='ocrx_word' id='word_1_176' title='bbox 352 1958 438 2007; x_wconf 87' lang='lat' dir='ltr'><strong>consul</strong></span> <span class='ocrx_word' id='word_1_177' title='bbox 449 1973 472 2008; x_wconf 90' lang='lat' dir='ltr'><strong>a.</strong></span> <span class='ocrx_word' id='word_1_178' title='bbox 486 1971 543 2020; x_wconf 76' lang='lat'><strong>254,</strong></span> <span class='ocrx_word' id='word_1_179' title='bbox 556 1956 588 2006; x_wconf 88' lang='grc'><strong>60</strong></span> <span class='ocrx_word' id='word_1_180' title='bbox 600 1973 631 2025; x_wconf 85' lang='grc'><strong>99</strong></span> 
     </span>
    </p>

    <p class='ocr_par' dir='ltr' id='par_1_11' title="bbox 112 2034 1109 2104">
     <span class='ocr_line' id='line_1_23' title="bbox 112 2034 1109 2104; baseline 0.002 -19"><span class='ocrx_word' id='word_1_181' title='bbox 112 2036 142 2085; x_wconf 87' lang='lat' dir='ltr'><strong>C.</strong></span> <span class='ocrx_word' id='word_1_182' title='bbox 160 2036 259 2094; x_wconf 70' lang='lat' dir='ltr'><strong>Atilius</strong></span> <span class='ocrx_word' id='word_1_183' title='bbox 274 2037 400 2085; x_wconf 67' lang='lat' dir='ltr'><strong>&amp;uanus</strong></span> <span class='ocrx_word' id='word_1_184' title='bbox 415 2052 465 2086; x_wconf 91' lang='lat' dir='ltr'><strong>cos.</strong></span> <span class='ocrx_word' id='word_1_185' title='bbox 480 2052 503 2089; x_wconf 88' lang='lat' dir='ltr'><strong>a.</strong></span> <span class='ocrx_word' id='word_1_186' title='bbox 520 2034 573 2098; x_wconf 88' lang='grc'>196,</span> <span class='ocrx_word' id='word_1_187' title='bbox 587 2035 746 2086; x_wconf 81' lang='lat' dir='ltr'><strong>stultissimus</strong></span> <span class='ocrx_word' id='word_1_188' title='bbox 760 2036 846 2095; x_wconf 90' lang='lat' dir='ltr'><strong>homo,</strong></span> <span class='ocrx_word' id='word_1_189' title='bbox 863 2036 908 2087; x_wconf 82' lang='lat' dir='ltr'><strong>sed</strong></span> <span class='ocrx_word' id='word_1_190' title='bbox 925 2036 1024 2098; x_wconf 84' lang='lat' dir='ltr'><strong>nobilis,</strong></span> <span class='ocrx_word' id='word_1_191' title='bbox 1038 2052 1109 2104; x_wconf 88' lang='lat' dir='ltr'><strong>prae·</strong></span> 
     </span>
    </p>

    <p class='ocr_par' dir='ltr' id='par_1_12' title="bbox 108 2115 790 2181">
     <span class='ocr_line' id='line_1_24' title="bbox 108 2115 790 2181; baseline 0.006 -16"><span class='ocrx_word' id='word_1_192' title='bbox 108 2151 110 2155; x_wconf 41' lang='grc'>.</span> <span class='ocrx_word' id='word_1_193' title='bbox 141 2116 237 2181; x_wconf 82' lang='lat' dir='ltr'><strong>positus</strong></span> <span class='ocrx_word' id='word_1_194' title='bbox 247 2115 274 2166; x_wconf 88' lang='lat' dir='ltr'><strong>in</strong></span> <span class='ocrx_word' id='word_1_195' title='bbox 285 2116 406 2181; x_wconf 89' lang='lat' dir='ltr'><strong>petitione</strong></span> <span class='ocrx_word' id='word_1_196' title='bbox 416 2118 559 2170; x_wconf 87' lang='lat' dir='ltr'><strong>consulatus</strong></span> <span class='ocrx_word' id='word_1_197' title='bbox 570 2117 604 2181; x_wconf 86' lang='lat' dir='ltr'><strong>Q.</strong></span> <span class='ocrx_word' id='word_1_198' title='bbox 617 2117 707 2168; x_wconf 85' lang='lat' dir='ltr'><strong>Catulo</strong></span> <span class='ocrx_word' id='word_1_199' title='bbox 719 2116 790 2180; x_wconf 83' lang='grc'>1259</span> 
     </span>
    </p>

    <p class='ocr_par' dir='ltr' id='par_1_13' title="bbox 108 2199 1109 2417">
     <span class='ocr_line' id='line_1_25' title="bbox 108 2199 1109 2266; baseline 0.004 -18"><span class='ocrx_word' id='word_1_200' title='bbox 108 2199 200 2258; x_wconf 87' lang='lat' dir='ltr'><strong>Atina,</strong></span> <span class='ocrx_word' id='word_1_201' title='bbox 214 2199 368 2264; x_wconf 83' lang='lat' dir='ltr'><strong>praefectura</strong></span> <span class='ocrx_word' id='word_1_202' title='bbox 377 2199 405 2249; x_wconf 94' lang='grc'><strong>111</strong></span> <span class='ocrx_word' id='word_1_203' title='bbox 417 2200 517 2251; x_wconf 87' lang='lat' dir='ltr'><strong>Sabinis</strong></span> <span class='ocrx_word' id='word_1_204' title='bbox 528 2201 576 2251; x_wconf 88' lang='lat' dir='ltr'><strong>sita</strong></span> <span class='ocrx_word' id='word_1_205' title='bbox 586 2201 618 2252; x_wconf 92' lang='grc'><strong>19</strong></span> <span class='ocrx_word' id='word_1_206' title='bbox 629 2203 665 2261; x_wconf 89' lang='grc'><strong>18,</strong></span> <span class='ocrx_word' id='word_1_207' title='bbox 679 2202 711 2250; x_wconf 85' lang='grc'><strong>92</strong></span> <span class='ocrx_word' id='word_1_208' title='bbox 719 2216 758 2266; x_wconf 74' lang='grc'><strong>95,</strong></span> <span class='ocrx_word' id='word_1_209' title='bbox 772 2201 805 2253; x_wconf 80' lang='lat' dir='ltr'><strong>tt</strong></span> <span class='ocrx_word' id='word_1_210' title='bbox 813 2219 839 2266; x_wconf 78' lang='lat'><strong>4.</strong></span> <span class='ocrx_word' id='word_1_211' title='bbox 870 2202 996 2262; x_wconf 80' lang='lat' dir='ltr'><strong>Atinates,</strong></span> <span class='ocrx_word' id='word_1_212' title='bbox 1010 2201 1109 2253; x_wconf 80' lang='lat' dir='ltr'><strong>finitimi</strong></span> 
     </span>
     <span class='ocr_line' id='line_1_26' title="bbox 141 2276 1105 2344; baseline 0.006 -18"><span class='ocrx_word' id='word_1_213' title='bbox 141 2276 321 2343; x_wconf 87' lang='lat' dir='ltr'><strong>Arpinatibus;</strong></span> <span class='ocrx_word' id='word_1_214' title='bbox 337 2279 436 2344; x_wconf 88' lang='lat' dir='ltr'><strong>utrique</strong></span> <span class='ocrx_word' id='word_1_215' title='bbox 448 2296 549 2330; x_wconf 89' lang='lat' dir='ltr'><strong>suorum</strong></span> <span class='ocrx_word' id='word_1_216' title='bbox 563 2281 699 2332; x_wconf 89' lang='lat' dir='ltr'><strong>honoribus</strong></span> <span class='ocrx_word' id='word_1_217' title='bbox 714 2281 800 2332; x_wconf 86' lang='lat' dir='ltr'><strong>laetati</strong></span> <span class='ocrx_word' id='word_1_218' title='bbox 816 2297 870 2333; x_wconf 91' lang='lat' dir='ltr'><strong>esse</strong></span> <span class='ocrx_word' id='word_1_219' title='bbox 886 2283 1002 2333; x_wconf 87' lang='lat' dir='ltr'><strong>dicuntur</strong></span> <span class='ocrx_word' id='word_1_220' title='bbox 1018 2281 1050 2335; x_wconf 92' lang='grc'><strong>19</strong></span> <span class='ocrx_word' id='word_1_221' title='bbox 1066 2297 1105 2343; x_wconf 90' lang='grc'><strong>91,</strong></span> 
     </span>
     <span class='ocr_line' id='line_1_27' title="bbox 141 2359 297 2417; baseline 0.013 -10"><span class='ocrx_word' id='word_1_222' title='bbox 141 2359 173 2407; x_wconf 89' lang='grc'><strong>21</strong></span> <span class='ocrx_word' id='word_1_223' title='bbox 185 2361 209 2417; x_wconf 90' lang='grc'>8,</span> <span class='ocrx_word' id='word_1_224' title='bbox 220 2359 253 2408; x_wconf 91' lang='grc'><strong>22</strong></span> <span class='ocrx_word' id='word_1_225' title='bbox 265 2374 297 2409; x_wconf 93' lang='grc' dir='ltr'><strong>9ο</strong></span> 
     </span>
    </p>

    <p class='ocr_par' dir='ltr' id='par_1_14' title="bbox 109 2440 743 2508">
     <span class='ocr_line' id='line_1_28' title="bbox 109 2440 743 2508; baseline 0.014 -21"><span class='ocrx_word' id='word_1_226' title='bbox 109 2441 209 2500; x_wconf 85' lang='lat' dir='ltr'><strong>Atreus,</strong></span> <span class='ocrx_word' id='word_1_227' title='bbox 224 2455 240 2489; x_wconf 95' lang='grc'><strong>9</strong></span> <span class='ocrx_word' id='word_1_228' title='bbox 251 2440 312 2490; x_wconf 89' lang='lat' dir='ltr'><strong>Iove</strong></span> <span class='ocrx_word' id='word_1_229' title='bbox 323 2448 399 2501; x_wconf 90' lang='lat' dir='ltr'><strong>ortus,</strong></span> <span class='ocrx_word' id='word_1_230' title='bbox 413 2443 543 2507; x_wconf 87' lang='lat' dir='ltr'><strong>tragoedia</strong></span> <span class='ocrx_word' id='word_1_231' title='bbox 554 2443 584 2493; x_wconf 88' lang='lat' dir='ltr'><strong>L.</strong></span> <span class='ocrx_word' id='word_1_232' title='bbox 597 2444 660 2494; x_wconf 87' lang='lat' dir='ltr'><strong>Acci</strong></span> <span class='ocrx_word' id='word_1_233' title='bbox 671 2444 702 2495; x_wconf 79' lang='lat'><strong>59</strong></span> <span class='ocrx_word' id='word_1_234' title='bbox 715 2456 743 2508; x_wconf 88' lang='grc'><strong>17</strong></span> 
     </span>
    </p>

    <p class='ocr_par' dir='ltr' id='par_1_15' title="bbox 112 2521 1107 2592">
     <span class='ocr_line' id='line_1_29' title="bbox 112 2521 1107 2592; baseline 0.009 -24"><span class='ocrx_word' id='word_1_235' title='bbox 112 2522 158 2568; x_wconf 88' lang='lat' dir='ltr'><strong>Cu.</strong></span> <span class='ocrx_word' id='word_1_236' title='bbox 170 2521 289 2585; x_wconf 85' lang='lat' dir='ltr'><strong>Aufidius</strong></span> <span class='ocrx_word' id='word_1_237' title='bbox 307 2522 400 2571; x_wconf 82' lang='lat' dir='ltr'><strong>Orestes</strong></span> <span class='ocrx_word' id='word_1_238' title='bbox 410 2525 575 2582; x_wconf 84' lang='lat' dir='ltr'><strong>Aurelianus,</strong></span> <span class='ocrx_word' id='word_1_239' title='bbox 587 2541 638 2574; x_wconf 90' lang='lat' dir='ltr'><strong>cos.</strong></span> <span class='ocrx_word' id='word_1_240' title='bbox 651 2541 674 2574; x_wconf 91' lang='lat' dir='ltr'><strong>a.</strong></span> <span class='ocrx_word' id='word_1_241' title='bbox 688 2538 727 2588; x_wconf 91' lang='grc'><strong>71,</strong></span> <span class='ocrx_word' id='word_1_242' title='bbox 741 2525 843 2576; x_wconf 86' lang='lat' dir='ltr'><strong>Orestes</strong></span> <span class='ocrx_word' id='word_1_243' title='bbox 857 2527 898 2588; x_wconf 80' lang='lat' dir='ltr'><strong>(ex</strong></span> <span class='ocrx_word' id='word_1_244' title='bbox 908 2534 984 2590; x_wconf 86' lang='lat' dir='ltr'><strong>gente</strong></span> <span class='ocrx_word' id='word_1_245' title='bbox 995 2526 1107 2592; x_wconf 85' lang='lat' dir='ltr'><strong>Aurelia)</strong></span> 
     </span>
    </p>
   </div>
   <div class='ocr_carea' id='block_1_3' title="bbox 140 2598 883 2682">
    <p class='ocr_par' dir='ltr' id='par_1_16' title="bbox 140 2598 883 2682">
     <span class='ocr_line' id='line_1_30' title="bbox 140 2598 883 2682; baseline 0.005 -32"><span class='ocrx_word' id='word_1_246' title='bbox 140 2601 273 2667; x_wconf 83' lang='lat' dir='ltr'><strong>adoptatus</strong></span> <span class='ocrx_word' id='word_1_247' title='bbox 283 2617 305 2651; x_wconf 88' lang='grc'><strong>9.</strong></span> <span class='ocrx_word' id='word_1_248' title='bbox 320 2603 367 2653; x_wconf 92' lang='lat' dir='ltr'><strong>Cn.</strong></span> <span class='ocrx_word' id='word_1_249' title='bbox 380 2604 483 2682; x_wconf 86' lang='lat' dir='ltr'><strong>Aufidio</strong></span> <span class='ocrx_word' id='word_1_250' title='bbox 493 2623 501 2656; x_wconf 78' lang='lat' dir='ltr'><strong>s</strong></span> <span class='ocrx_word' id='word_1_251' title='bbox 516 2613 548 2655; x_wconf 88' lang='lat' dir='ltr'><strong>tr.</strong></span> <span class='ocrx_word' id='word_1_252' title='bbox 559 2598 599 2672; x_wconf 64' lang='lat' dir='ltr'><strong>pl,</strong></span> <span class='ocrx_word' id='word_1_253' title='bbox 608 2623 660 2657; x_wconf 92' lang='lat' dir='ltr'><strong>uon</strong></span> <span class='ocrx_word' id='word_1_254' title='bbox 671 2614 708 2657; x_wconf 86' lang='lat' dir='ltr'><strong>est</strong></span> <span class='ocrx_word' id='word_1_255' title='bbox 720 2607 799 2657; x_wconf 86' lang='lat' dir='ltr'><strong>factus</strong></span> <span class='ocrx_word' id='word_1_256' title='bbox 811 2608 843 2656; x_wconf 88' lang='grc'><strong>52</strong></span> <span class='ocrx_word' id='word_1_257' title='bbox 854 2623 883 2670; x_wconf 81' lang='lat'><strong>¹4</strong></span> 
     </span>
    </p>
   </div>
   <div class='ocr_carea' id='block_1_4' title="bbox 593 2815 614 2862">
    <p class='ocr_par' dir='ltr' id='par_1_17' title="bbox 593 2815 614 2862">
     <span class='ocr_line' id='line_1_31' title="bbox 593 2815 614 2862; baseline 0 0"><span class='ocrx_word' id='word_1_258' title='bbox 593 2815 614 2862; x_wconf 86' lang='lat' dir='ltr'>B</span> 
     </span>
    </p>
   </div>
   <div class='ocr_carea' id='block_1_5' title="bbox 93 2923 1104 3470">
    <p class='ocr_par' dir='ltr' id='par_1_18' title="bbox 108 2923 412 2987">
     <span class='ocr_line' id='line_1_32' title="bbox 108 2923 412 2987; baseline 0 -15"><span class='ocrx_word' id='word_1_259' title='bbox 108 2923 218 2972; x_wconf 84' lang='lat' dir='ltr'><strong>Bulbus:</strong></span> <span class='ocrx_word' id='word_1_260' title='bbox 233 2938 256 2972; x_wconf 88' lang='lat' dir='ltr'><strong>v.</strong></span> <span class='ocrx_word' id='word_1_261' title='bbox 268 2939 289 2972; x_wconf 89' lang='lat' dir='ltr'><strong>s.</strong></span> <span class='ocrx_word' id='word_1_262' title='bbox 302 2923 412 2987; x_wconf 84' lang='lat' dir='ltr'><strong>Ampius</strong></span> 
     </span>
    </p>

    <p class='ocr_par' dir='ltr' id='par_1_19' title="bbox 106 3001 1104 3149">
     <span class='ocr_line' id='line_1_33' title="bbox 106 3001 1104 3071; baseline 0.005 -21"><span class='ocrx_word' id='word_1_263' title='bbox 106 3001 244 3062; x_wconf 78' lang='lat' dir='ltr'><strong>Bithynia:</strong></span> <span class='ocrx_word' id='word_1_264' title='bbox 258 3002 326 3065; x_wconf 85' lang='lat' dir='ltr'><strong>regio</strong></span> <span class='ocrx_word' id='word_1_265' title='bbox 339 3001 415 3051; x_wconf 89' lang='lat' dir='ltr'><strong>Asiae</strong></span> <span class='ocrx_word' id='word_1_266' title='bbox 426 3001 529 3052; x_wconf 87' lang='lat' dir='ltr'><strong>minoris</strong></span> <span class='ocrx_word' id='word_1_267' title='bbox 540 3001 566 3052; x_wconf 87' lang='lat' dir='ltr'><strong>in</strong></span> <span class='ocrx_word' id='word_1_268' title='bbox 577 3019 621 3053; x_wconf 89' lang='grc'><strong>919</strong></span> <span class='ocrx_word' id='word_1_269' title='bbox 632 3004 707 3054; x_wconf 89' lang='lat' dir='ltr'><strong>Ponti</strong></span> <span class='ocrx_word' id='word_1_270' title='bbox 718 3013 744 3056; x_wconf 90' lang='lat' dir='ltr'><strong>et</strong></span> <span class='ocrx_word' id='word_1_271' title='bbox 756 3005 923 3071; x_wconf 89' lang='lat' dir='ltr'><strong>Propontidis,</strong></span> <span class='ocrx_word' id='word_1_272' title='bbox 935 3006 1104 3055; x_wconf 89' lang='lat' dir='ltr'><strong>Romanorum</strong></span> 
     </span>
     <span class='ocr_line' id='line_1_34' title="bbox 139 3082 1003 3149; baseline 0.007 -18"><span class='ocrx_word' id='word_1_273' title='bbox 139 3082 279 3149; x_wconf 84' lang='lat' dir='ltr'><strong>provincia;</strong></span> <span class='ocrx_word' id='word_1_274' title='bbox 296 3085 354 3133; x_wconf 89' lang='lat' dir='ltr'><strong>urbs</strong></span> <span class='ocrx_word' id='word_1_275' title='bbox 365 3083 461 3135; x_wconf 88' lang='lat' dir='ltr'><strong>Nicaea</strong></span> <span class='ocrx_word' id='word_1_276' title='bbox 475 3083 548 3135; x_wconf 78' lang='lat'>8416</span> <span class='ocrx_word' id='word_1_277' title='bbox 1000 3100 1003 3105; x_wconf 93' lang='grc'><strong><em>·</em></strong></span> 
     </span>
    </p>

    <p class='ocr_par' dir='ltr' id='par_1_20' title="bbox 106 3161 1103 3310">
     <span class='ocr_line' id='line_1_35' title="bbox 106 3161 1103 3232; baseline 0.003 -17"><span class='ocrx_word' id='word_1_278' title='bbox 106 3163 225 3222; x_wconf 83' lang='lat' dir='ltr'><strong>Bouillae,</strong></span> <span class='ocrx_word' id='word_1_279' title='bbox 252 3161 413 3228; x_wconf 85' lang='lat' dir='ltr'><strong>municipium</strong></span> <span class='ocrx_word' id='word_1_280' title='bbox 442 3165 510 3215; x_wconf 90' lang='lat' dir='ltr'><strong>Latii</strong></span> <span class='ocrx_word' id='word_1_281' title='bbox 539 3166 572 3216; x_wconf 85' lang='lat' dir='ltr'><strong>ad</strong></span> <span class='ocrx_word' id='word_1_282' title='bbox 602 3166 670 3215; x_wconf 82' lang='lat' dir='ltr'><strong>viam</strong></span> <span class='ocrx_word' id='word_1_283' title='bbox 695 3167 807 3230; x_wconf 87' lang='lat' dir='ltr'><strong>Appiam</strong></span> <span class='ocrx_word' id='word_1_284' title='bbox 829 3184 881 3218; x_wconf 89' lang='lat' dir='ltr'><strong>non</strong></span> <span class='ocrx_word' id='word_1_285' title='bbox 902 3166 990 3232; x_wconf 89' lang='lat' dir='ltr'><strong>procul</strong></span> <span class='ocrx_word' id='word_1_286' title='bbox 1011 3183 1028 3217; x_wconf 89' lang='lat' dir='ltr'><strong>a</strong></span> <span class='ocrx_word' id='word_1_287' title='bbox 1049 3167 1103 3218; x_wconf 88' lang='lat' dir='ltr'><strong>lacu</strong></span> 
     </span>
     <span class='ocr_line' id='line_1_36' title="bbox 138 3243 1101 3310; baseline 0.007 -18"><span class='ocrx_word' id='word_1_288' title='bbox 138 3243 248 3304; x_wconf 88' lang='lat' dir='ltr'><strong>Albano,</strong></span> <span class='ocrx_word' id='word_1_289' title='bbox 267 3243 300 3292; x_wconf 90' lang='lat' dir='ltr'><strong>ad</strong></span> <span class='ocrx_word' id='word_1_290' title='bbox 315 3244 384 3307; x_wconf 89' lang='lat' dir='ltr'><strong>quod</strong></span> <span class='ocrx_word' id='word_1_291' title='bbox 406 3260 490 3310; x_wconf 78' lang='lat' dir='ltr'><strong>pugna</strong></span> <span class='ocrx_word' id='word_1_292' title='bbox 511 3245 557 3295; x_wconf 83' lang='lat' dir='ltr'><strong>ie.</strong></span> <span class='ocrx_word' id='word_1_293' title='bbox 576 3245 652 3296; x_wconf 86' lang='lat' dir='ltr'><strong>caede</strong></span> <span class='ocrx_word' id='word_1_294' title='bbox 668 3246 805 3295; x_wconf 81' lang='lat' dir='ltr'><strong>Bouillana</strong></span> <span class='ocrx_word' id='word_1_295' title='bbox 823 3247 1041 3298; x_wconf 87' lang='lat' dir='ltr'><strong>Clodiusoccisus</strong></span> <span class='ocrx_word' id='word_1_296' title='bbox 1056 3259 1101 3309; x_wconf 89' lang='lat' dir='ltr'><strong>est,</strong></span> 
     </span>
    </p>

    <p class='ocr_par' dir='ltr' id='par_1_21' title="bbox 93 3323 691 3386">
     <span class='ocr_line' id='line_1_37' title="bbox 93 3323 691 3386; baseline 0.003 -15"><span class='ocrx_word' id='word_1_297' title='bbox 93 3341 103 3351; x_wconf 71' lang='grc'><strong>“·</strong></span> <span class='ocrx_word' id='word_1_298' title='bbox 139 3324 202 3386; x_wconf 64' lang='lat' dir='ltr'><strong>233r</strong></span> <span class='ocrx_word' id='word_1_299' title='bbox 344 3323 345 3326; x_wconf 70' lang='grc'>’</span> <span class='ocrx_word' id='word_1_300' title='bbox 689 3324 691 3329; x_wconf 56' lang='lat'><strong>⁴</strong></span> 
     </span>
    </p>

    <p class='ocr_par' dir='ltr' id='par_1_22' title="bbox 107 3405 322 3470">
     <span class='ocr_line' id='line_1_38' title="bbox 107 3405 322 3470; baseline -0.014 -14"><span class='ocrx_word' id='word_1_301' title='bbox 107 3405 256 3466; x_wconf 81' lang='lat' dir='ltr'><strong>Bovillauus</strong></span> <span class='ocrx_word' id='word_1_302' title='bbox 267 3405 298 3453; x_wconf 85' lang='grc'>23</span> <span class='ocrx_word' id='word_1_303' title='bbox 307 3420 322 3470; x_wconf 75' lang='lat'>3</span> 
     </span>
    </p>
   </div>
   <div class='ocr_carea' id='block_1_6' title="bbox 0 0 1208 3788">
    <p class='ocr_par' dir='ltr' id='par_1_23' title="bbox 0 0 1208 3788">
     <span class='ocr_line' id='line_1_39' title="bbox 0 0 1208 3788; baseline 0 4"><span class='ocrx_word' id='word_1_304' title='bbox 0 0 1208 3788; x_wconf 95' lang='lat' dir='ltr'><strong> </strong></span> 
     </span>
    </p>
   </div>
  </div>
 </body>
</html>
