2406 3788
502 196 657 256 INDEX
679 197 706 255 I
1043 215 1095 255 aas

132 325 195 374 simo
207 331 232 376 et
242 323 379 376 clarissimo
391 323 440 376 civi
452 323 493 386 (cs.
504 324 571 374 Brut
585 324 600 384 fi
618 322 673 386 167)
684 323 771 374 aedilis
783 339 834 374 non
845 328 882 374 est
896 322 977 372 factus
995 329 1021 371 et
1035 321 1100 372 idem

131 405 186 455 sine
201 405 300 471 repulsa
315 405 393 455 sactus
409 411 448 455 est
464 403 558 465 consul,
572 412 672 468 praetor
682 419 705 453 a.
717 406 758 468 89,
771 409 858 453 senatu
869 411 951 453 motus
961 418 983 452 a.
995 400 1035 463 86,
1049 418 1098 453 cos.

132 501 154 534 a
168 496 199 551 79
204 502 213 547 ;
226 486 255 535 iu
265 485 415 536 Macedonia
425 484 537 535 barbaris
547 483 619 534 victis
630 499 665 532 m.
677 489 714 533 est
725 499 747 534 a.
761 481 799 545 76,
814 483 845 531 51
859 497 891 544 30

102 566 181 615 Gaius
196 566 321 623 Claudius,
339 573 411 630 pater
425 565 505 630 Appii
517 564 616 615 Claudii
633 562 741 620 Pulchri,
753 563 784 612 sl
797 576 836 623 3²,
847 562 891 612 ubi
906 568 949 612 aut
956 560 1041 626 fratrc
1055 578 1102 629 pro

125 652 201 711 patre
213 645 347 710 legendum
365 661 422 696 cum
439 643 576 709 Borghesio
593 645 622 692 in
641 643 757 693 Giornalc
773 643 895 693 Arcadica
910 644 974 693 Nou.
997 644 1057 705 1825
1075 659 1101 707 p.

133 740 181 790 654
191 732 235 776 aut
245 728 310 790 App.
322 741 369 790 pro
383 726 411 775 C.
429 732 512 776 censet
523 723 633 775 Orellius
647 725 734 773 Onam.
746 738 771 788 p.
789 722 862 785 15ob

99 806 141 856 M.
158 806 280 857 Claudius
294 807 438 866 Marcellus,
458 805 607 871 quinquiens
624 803 709 854 consul
726 804 773 854 fuit
790 819 816 854 a.
834 807 969 863 666-608,
992 803 1102 869 ‘gladius

133 887 318 939 Romanorum’
339 886 501 953 triumphavit
521 888 554 937 de
574 886 654 937 Gallis
674 885 828 945 Insubribus,
847 885 1018 936 Hannibalem
1034 887 1102 950 apud

131 971 227 1022 Nolam
236 971 322 1037 fugere
332 972 413 1036 coegit
423 986 447 1022 a.
461 968 517 1028 216,
530 971 664 1034 Syracusas
675 969 742 1035 c‘epit
753 984 775 1018 a.
791 984 847 1029 asa,
864 968 960 1033 proelio
971 969 1004 1018 ad
1018 969 1101 1018 Venu-

132 1051 195 1101 siam
205 1051 338 1101 commisso
348 1052 382 1102 ab
394 1050 538 1100 Hannibale
549 1050 730 1099 circumventus
740 1049 831 1099 cecidit
841 1064 865 1098 a.
877 1050 933 1105 608,
947 1048 978 1098 60
989 1063 1022 1112 50

102 1133 259 1183 Clustumina
269 1133 349 1183 tritus
358 1149 375 1182 a
387 1133 523 1184 Clustumia
533 1148 552 1183 s.
567 1132 710 1183 Crasstumio
721 1131 870 1182 Sabinorum
880 1131 976 1197 oppido
988 1132 1045 1180 388

103 1218 149 1267 Cn.
163 1223 187 1266 ct
198 1217 230 1267 P.
250 1217 361 1267 Cornelii
372 1216 494 1280 Scs'ptabnes
510 1215 605 1272 iratres,
622 1231 686 1266 coss.
702 1231 725 1265 a.
744 1229 791 1263 666
807 1221 833 1264 et
847 1215 915 1276 (218)
932 1215 983 1264 duo
999 1214 1103 1264 fulmina

131 1295 229 1360 imperii
250 1295 366 1355 Romani,
385 1295 437 1345 duo
458 1294 647 1360 propugnacula
667 1293 728 1344 belli
751 1294 847 1351 Punici,
869 1293 945 1343 ambo
968 1309 992 1343 a.
1009 1308 1055 1343 6ι6
1076 1294 1103 1342 in

132 1376 257 1441 Hispania
267 1392 283 1426 a
295 1376 385 1426 Poenis
396 1375 472 1426 occisi
483 1383 539 1425 sunt
551 1375 583 1424 60
594 1389 634 1440 69.
667 1374 701 1423 V.
714 1375 827 1424 Stemma
838 1373 983 1438 Scipionum
994 1389 1020 1439 p.
1033 1387 1065 1438 94

102 1457 201 1506 &sanas
223 1458 351 1508 Cornelius
371 1457 452 1521 Scipio
472 1457 504 1507 L.
515 1457 544 1523 f.
568 1457 669 1516 Calvus,
692 1455 736 1519 qui
754 1471 812 1505 cum
833 1454 908 1505 fratre
929 1455 955 1504 in
978 1454 1103 1519 Hispania

131 1538 373 1602 Carthaginiensium
385 1536 470 1587 fraude
481 1537 643 1602 interemptus
654 1543 699 1593 est,
706 1551 757 1586 cos.
765 1551 788 1585 a.
798 1550 854 1593 666,
862 1542 932 1600 pater
942 1536 971 1585 P.
979 1535 1103 1602 Scipionis

51 1656 52 1659 η
131 1619 239 1670 Nasicae
249 1620 293 1685 qui
303 1620 342 1669 vir
349 1620 458 1684 optimus
469 1619 591 1669 indicatus
602 1624 639 1668 est
651 1616 683 1666 60
695 1634 733 1678 64,
748 1632 780 1682 69

98 1702 130 1752 Ρ.
149 1701 277 1751 Cornelius
292 1701 371 1766 Scipio
386 1699 525 1764 Afn'canus
540 1700 629 1759 maiar,
646 1697 712 1748 filius
728 1699 756 1748 P.
772 1697 872 1748 Corneli
884 1696 1009 1763 Scipionis
1025 1697 1100 1746 modo

130 1779 200 1841 dicti,
216 1779 254 1828 vir
269 1795 380 1830 summus
396 1778 422 1828 in
436 1795 488 1844 rep.
508 1786 620 1844 tempore
635 1778 697 1828 belli
714 1778 801 1828 Punici
817 1778 926 1839 secundi,
940 1793 991 1828 cos.
1008 1793 1032 1827 a.
1044 1790 1099 1840 605,

135 1873 199 1924 1943
216 1858 387 1908 Hannibalem
402 1859 435 1909 ad
446 1860 549 1908 Zamam
559 1858 631 1919 fudit,
644 1865 755 1908 mortuus
767 1873 788 1907 c.
795 1873 818 1908 a.
833 1860 885 1920 183,
898 1856 930 1908 60
941 1870 973 1916 5ο

100 1940 204 1990 Publius
224 1940 352 1991 Cornelius
366 1941 446 2005 Scabra
461 1940 556 1990 Nasica
571 1940 679 2003 Serapu,
696 1955 747 1990 cos.
764 1955 788 1988 a.
808 1932 865 2001 138,¹
877 1938 1024 1989 fortissimus
1035 1936 1066 1987 51
1077 1953 1100 2003 3,

130 2035 188 2071 cum
198 2019 310 2086 pontifex
320 2020 442 2070 maximus
453 2027 523 2078 esset,
533 2020 591 2070 Tib.
607 2019 748 2070 Gracchum
759 2019 850 2069 occidit
860 2035 883 2069 a.
898 2034 952 2082 133,
968 2019 1001 2067 88
1013 2019 1029 2067 8

98 2103 203 2153 Publs'su
215 2103 343 2153 Cornelius
349 2105 428 2168 Sapra
435 2105 536 2166 Nasica,
550 2119 601 2154 cos
612 2119 636 2153 a.
648 2117 702 2164 ιιι,
714 2103 857 2168 Serapionis
868 2104 944 2153 modo
955 2101 1015 2153 dicti
1026 2101 1098 2162 tilius,

130 2200 217 2234 omnes
227 2185 279 2235 sale
289 2185 433 2250 facetiisque
443 2185 577 2250 superabat
586 2186 644 2249 339

99 2264 141 2314 Ti.
163 2264 342 2326 Ccmncanius,
369 2273 442 2316 natm
457 2266 511 2316 sive
531 2265 635 2315 Tusculi
655 2264 709 2314 sive
733 2263 850 2324 Camerii,
869 2279 919 2319 cos,
935 2279 959 2313 a.
978 2263 1026 2313 680
1044 2279 1099 2314 cum

131 2345 242 2396 Etruscis
252 2352 279 2397 et
290 2346 385 2410 Pyrrho
396 2346 531 2413 pugnavit3
546 2346 642 2411 primus
658 2362 673 2396 e
687 2345 761 2411 plebe
778 2345 889 2411 pontifex
904 2344 1035 2405 maximus,
1049 2344 1100 2393 iure

129 2427 265 2488 consultus,
280 2428 357 2477 homo
368 2427 564 2493 sapientissimus
575 2429 632 2478 201

41 2525 47 2533 ·
100 2508 220 2558 Crassus:
236 2523 290 2558 ιε.
301 2509 416 2559 licinius

100 2589 180 2645 Creta,
192 2588 272 2638 insula
283 2589 380 2640 Graeca
390 2591 466 2642 maris
477 2591 576 2648 interni,
590 2590 654 2640 iuter
669 2592 797 2654 Aegaeum
813 2597 838 2641 et
853 2589 1018 2655 Cyrenaicum
1032 2605 1100 2638 mare

130 2671 162 2721 27
175 2669 214 2727 66,
223 2672 254 2721 61
270 2686 311 2732 ι4,
321 2673 354 2722 85
363 2686 393 2734 65

97 2751 204 2801 Manius
216 2752 310 2802 Curius
319 2754 443 2802 Dentatus
459 2755 548 2819 ‘quem
560 2769 634 2803 nemo
648 2753 712 2803 ferro
732 2753 813 2817 potuit
824 2768 940 2818 superare
958 2768 1005 2802 nec
1024 2752 1099 2802 auro’

130 2830 227 2893 (Enni,
238 2846 254 2880 e
264 2831 399 2896 municipio
411 2833 495 2899 aliquo
508 2834 602 2884 Sabino
613 2833 740 2893 oriundus,
751 2833 866 2897 agricola,
879 2848 927 2883 cos.
943 2849 966 2881 a.
978 2848 1034 2898 690,
1043 2847 1098 2897 675,

130 2925 185 2975 674,
198 2911 322 2962 Samnites
338 2920 364 2964 et
380 2914 487 2965 Sabinos
497 2930 521 2964 a.
535 2930 590 2980 690,
606 2914 727 2978 Pyrrhum
743 2931 766 2966 a
781 2927 827 2978 675
845 2916 913 2980 apud
930 2917 1098 2966 Beneventum

129 2996 189 3045 vicit
201 2993 233 3045 60
244 2995 275 3044 68

100 3075 209 3138 Cyrenae
216 3074 275 3123 urbs
284 3073 436 3138 Cyrenaicae
446 3075 553 3140 regionis
564 3075 591 3125 in
602 3073 695 3136 Africa,
704 3074 730 3125 h.
739 3074 785 3124 Ku
791 3091 820 3125 re
826 3089 855 3133 ιι,
867 3074 902 3124 ibi
913 3089 959 3140 pro
970 3082 1099 3138 quaestore

130 3156 176 3206 fuit
188 3155 328 3206 Laterensis
339 3157 370 3205 13
383 3173 405 3219 6,
420 3157 451 3208 63
466 3173 492 3208 ιι
