2406 3788
105 200 187 286 §481
268 206 270 210 ’
414 207 419 211 ·
485 189 689 268 “uvam
1051 207 1105 284 117

153 335 173 381 1.
197 338 235 383 1¹1.
269 337 356 392 marm
377 337 471 390 pedem
492 335 621 396 conterre]
654 351 670 384 a
692 336 802 400 military
823 335 920 400 phrase,
947 339 991 386 ‘to
1013 351 1108 400 engage

106 396 132 446 in
144 398 223 447 closer
234 400 334 447 combat
343 397 360 459 ;'
377 398 477 464 proprie
488 400 569 448 dictus
586 409 623 449 est
639 400 661 449 is
676 403 786 465 conferre
796 401 889 464 pedem,
902 401 945 465 qui
962 408 1014 450 tam
1030 417 1108 465 prope

106 463 201 512 accedit
218 464 250 511 ad
266 465 434 512 adversarium
451 463 491 512 vel
509 464 615 520 hostem,
627 473 655 513 ut
672 465 697 513 in
714 467 802 514 eodem
814 466 919 529 vestigio
934 472 989 525 stet,
1003 482 1054 529 quo
1065 466 1109 514 ad·

106 530 226 576 versarius
234 543 314 591 neque
322 529 390 592 prius
402 529 509 588 recedat,
520 541 596 592 quam
607 537 649 578 aut
661 530 745 578 vicerit
754 539 796 578 aut
805 531 883 579 victus
895 531 935 579 sit.
953 531 1001 580 See
1010 531 1105 579 Erasm.

106 592 188 655 Adag.
209 609 234 656 p.
254 608 293 652 24,
307 593 357 640 and
375 593 406 642 ci.
426 593 481 641 Liv.
502 605 604 642 xxvrn.
625 609 647 653 a,
662 592 678 642 6
695 601 749 643 tum
758 604 808 657 pes
823 610 886 642 cum
898 595 970 657 pede
985 596 1104 653 conlatus,

105 663 129 714 et
139 657 232 720 gladiis
244 658 301 720 geri
311 673 348 704 res
358 665 435 721 coepta
446 665 488 715 est,
500 670 530 706 vt
546 672 583 719 13,
598 659 716 722 agladius
731 666 754 707 ct
769 658 918 707 conlatum
929 661 1029 723 pedem
1038 659 1109 722 ferre

106 738 156 833 notu
170 723 351 785 patarih-xxix
371 737 410 787 39,
432 737 460 772 12
481 729 511 770 ut
524 723 618 786 gladiis
638 723 713 771 eliam
733 731 811 787 prope
828 725 944 773 conlato
960 725 1028 788 pede
1041 739 1108 787 gere·

106 802 132 836 re
142 802 177 834 ur
187 801 231 834 res.

153 888 173 932 1.
185 889 223 932 1⁹.
255 885 380 945 invector]
405 886 489 948 ‘press
504 884 567 934 hard
583 885 644 934 with
658 883 760 935 words.’
793 886 833 935 Cf.
845 901 881 934 or.
894 902 918 950 p.
933 886 1007 935 Font.
1021 887 1065 946 νς
1079 902 1106 934 rr

107 951 127 1008 (1
146 950 160 1007 ἕ
181 950 202 1007 1)
221 950 347 999 insector
362 950 428 998 ultro
444 957 517 1014 atque
533 951 597 999 insto
616 952 752 999 accusatori
760 968 771 1007 ,·
793 952 933 1008 insector,
952 951 1068 1014 inquom,
1086 957 1110 999 et

98 1013 188 1077 flagito
198 1020 270 1074 testes,
286 1030 325 1078 ep.
339 1015 371 1063 ad
383 1015 437 1064 Art.
452 1026 472 1062 x
486 1031 506 1074 r,
521 1016 678 1076 4audacianr
689 1016 855 1078 improborum
867 1016 1056 1066 insectemur.

153 1111 172 1158 1.
192 1114 230 1158 2⁰.
263 1121 342 1167 posco
359 1113 441 1168 atque
459 1112 525 1158 adeo
547 1109 650 1169 flagito]
670 1116 740 1172 posco
756 1111 890 1173 (=porc-
908 1125 958 1158 sco
980 1108 1043 1158 from
1065 1108 1109 1158 the

105 1189 174 1222 same
192 1180 247 1223 root
266 1190 293 1222 as
305 1182 399 1237 precor,
415 1175 515 1236 procus)
536 1173 646 1236 signifies
664 1181 691 1222 to
710 1174 756 1223 ask
776 1175 891 1237 urgently
908 1176 957 1223 and
974 1173 1108 1236 decisively

105 1238 166 1286 with
177 1255 193 1287 a
204 1238 295 1302 feeling
305 1238 334 1287 of
348 1239 414 1302 right
431 1237 481 1287 and
497 1254 583 1301 power
593 1256 600 1296 ;
610 1238 700 1302 flagito
715 1239 736 1288 is
747 1246 773 1287 to
788 1240 897 1287 demand
910 1239 1032 1303 anything
1046 1238 1106 1287 with

105 1304 247 1367 passionate
269 1319 406 1367 eagemess,
424 1303 500 1365 being
517 1303 559 1352 the
575 1312 688 1366 stronger
704 1305 847 1368 expression
864 1305 894 1353 os
906 1305 949 1352 the
966 1312 1023 1362 two,
1042 1319 1070 1353 as
1087 1303 1113 1352 is'

105 1369 193 1417 shown
204 1369 237 1431 by
248 1368 290 1416 the
301 1384 344 1416 use
355 1368 464 1431 oletque
473 1369 531 1416 adeo
545 1368 608 1415 ‘and
624 1368 650 1415 in
662 1367 730 1426 fact,’
742 1370 806 1416 ‘and
817 1369 905 1417 what’s
921 1367 1007 1426 more,’
1020 1368 1105 1417 Germ.

106 1433 162 1480 und
175 1433 300 1490 vt'elmelzr,
315 1433 372 1480 und
385 1433 413 1481 in
430 1433 475 1481 der
491 1434 516 1480 Τ
515 1433 566 1480 hat.
603 1433 651 1482 See
669 1434 747 1481 Hand
765 1434 837 1482 Turs.
858 1445 867 1482 1
884 1449 910 1497 p.
925 1449 981 1495 504,
997 1433 1107 1495 Ramsay

106 1497 188 1546 Plauti
201 1497 310 1546 Mostell.
323 1498 425 1546 Excurs.
441 1509 459 1546 1.
474 1513 498 1561 p.
517 1510 571 1559 177.
768 1531 770 1534 ψ

156 1598 175 1643 1.
187 1600 225 1643 21.
260 1607 341 1651 quam
350 1594 455 1654 tulerit]
472 1595 529 1656 §48
541 1594 558 1643 l.
576 1604 601 1654 15
616 1609 641 1654 n,
654 1594 667 1652 ς
680 1593 739 1656 541.
757 1608 793 1658 19.

153 1695 230 1744 l.,23.
265 1694 384 1739 alla-ao
398 1691 460 1750 mut]
490 1691 576 1739 ‘other
591 1689 653 1738 than
671 1698 698 1738 to
713 1689 780 1752 you,’
796 1696 857 1738 orat.
877 1691 891 1749 ἓ
908 1704 954 1753 237
966 1696 1043 1754 potest
1058 1706 1108 1738 uon

105 1758 185 1804 solum
202 1756 290 1803 aliud
304 1755 369 1803 milti
383 1771 416 1803 ac
431 1756 478 1803 riti
492 1756 534 1803 sed
548 1755 661 1804 mihimet
674 1755 725 1818 ipisi
739 1755 815 1802 aliud
833 1755 896 1802 alias
912 1756 1000 1812 videri,
1022 1755 1105 1804 Kerm.

107 1823 151 1870 Gr.
166 1837 192 1884 p,
205 1835 259 1884 313,
274 1820 378 1882 Madvig
389 1820 433 1868 Gr.
447 1822 517 1880 §444
529 1819 582 1868 obs.
596 1820 622 1868 b.
657 1821 694 1866 Et
709 1835 813 1882 appears
830 1826 856 1867 to
871 1819 901 1867 be
912 1835 941 1867 so
953 1820 1013 1868 used
1028 1835 1113 1867 some·

107 1887 188 1935 times.
200 1900 228 1933 as
240 1885 265 1932 in
277 1884 307 1932 de
320 1885 359 1932 off.
376 1882 468 1942 11§6r
483 1885 500 1931 l.
513 1899 536 1946 9,
551 1900 587 1933 or.
605 1900 630 1946 p.
647 1884 805 1945 Caec.§57,
824 1884 856 1932 de
871 1899 907 1931 or.
926 1893 960 1931 111
978 1882 1045 1943 566,
1063 1885 1108 1932 but

106 1949 241 2011 according
256 1956 283 1997 to
300 1949 391 2013 Zumpt
408 1949 452 1998 Gr.
471 1951 545 2012 §340
558 1965 582 1997 n.
602 1948 629 1996 in
646 1948 680 1996 all
697 1947 757 1997 such
775 1949 899 1997 instances
920 1954 942 1997 et
963 1948 1055 1997 retains
1076 1948 1109 1998 its

106 2014 212 2078 original
224 2013 398 2076 signification.

122 2133 124 2138 ·
155 2125 218 2161 nam
235 2111 475 2172 rit-redditurum]
502 2110 556 2159 ‘ior
569 2125 597 2160 as
607 2126 663 2174 you,
678 2110 700 2158 is
713 2110 726 2158 1
742 2126 807 2158 were
820 2117 847 2159 to
862 2109 907 2159 ask
922 2126 971 2173 you
986 2109 1107 2167 oti-hand,

106 2177 190 2225 would
210 2177 241 2226 be
262 2177 319 2225 able
339 2185 365 2225 to
384 2176 484 2240 explain
503 2176 595 2238 clearly
614 2175 646 2238 by
666 2175 750 2223 whose
766 2175 867 2224 interest
883 2191 932 2238 you
952 2176 1046 2224 carried
1066 2175 1108 2224 the

107 2244 182 2293 tribes
197 2242 281 2291 whose
295 2250 365 2290 votes
382 2256 430 2303 you
447 2240 556 2298 secured,
576 2256 604 2288 so
620 2240 632 2287 I
648 2239 686 2288 sor
703 2256 745 2302 my
762 2247 817 2304 part
834 2248 910 2288 assert
927 2241 980 2288 that
996 2241 1008 2288 I
1025 2241 1107 2288 would

106 2309 163 2370 give
181 2322 314 2392 you-yes,
333 2322 396 2355 even
415 2321 464 2369 you
480 2320 523 2368 my
539 2314 732 2368 opmnentssan
747 2314 852 2353 account
872 2305 901 2354 of
914 2321 963 2368 any
980 2306 1043 2354 tribe
1060 2321 1108 2368 you

106 2373 153 2421 ask
164 2388 204 2421 me
214 2373 298 2420 about.

155 2472 175 2517 1.
193 2474 231 2518 24.
266 2472 291 2516 sl
307 2467 371 2528 iam]
398 2465 551 2530 ‘supposing
568 2466 607 2514 sor
624 2466 668 2515 the
685 2465 746 2515 sake
763 2465 793 2515 oi
806 2464 954 2530 argument,’
970 2483 1002 2516 an
1019 2468 1111 2516 uscos

107 2535 130 2582 si
144 2534 195 2582 ianr
216 2533 267 2582 first
287 2532 390 2596 pointed
409 2539 452 2579 out
473 2531 506 2593 by
525 2531 630 2593 Madvig
648 2546 681 2579 on
701 2531 793 2580 defin.
814 2535 873 2590 1v§
890 2531 929 2587 66,
949 2531 1005 2580 who
1021 2540 1109 2594 quotes

109 2614 145 2646 or.
157 2613 183 2660 p.
196 2598 293 2657 Barna
311 2610 340 2658 37
352 2597 418 2659 quod
431 2597 459 2643 si
474 2597 532 2643 iam
550 2595 587 2643 ita
603 2603 665 2654 esset,
683 2602 714 2642 ut
723 2611 769 2643 csse
780 2611 829 2644 non
842 2603 926 2659 potest,
940 2611 974 2644 or.
990 2597 1015 2643 in
1028 2596 1084 2645 Cat.
1099 2609 1108 2644 r

108 2664 146 2720 §5
163 2662 191 2709 si
205 2662 306 2717 teiam,
324 2661 446 2716 Catilium,
457 2659 627 2722 comprehendi
641 2660 737 2709 iussero.
774 2659 822 2708 See
838 2675 967 2708 moreover
979 2662 1069 2708 Munro
1082 2669 1108 2708 to

110 2726 238 2775 Lucretius
255 2724 333 2789 1968.
366 2725 400 2772 Si
416 2725 474 2771 iam
492 2739 577 2772 means
594 2723 647 2771 also
667 2725 744 2772 ‘even
761 2723 797 2780 it'
808 2739 849 2772 see
867 2724 1014 2771 Kiihneron
1031 2725 1105 2773 Tusc.

110 2788 292 2852 1›v§65,§75,
306 2789 384 2836 Halm
396 2803 429 2836 on
441 2804 476 2837 or.
491 2789 516 2836 in
530 2788 614 2837 Vatin.
628 2789 641 2847 ς
656 2803 683 2849 15
696 2804 722 2852 p.
735 2786 775 2850 64,
788 2804 828 2852 ep.
840 2789 872 2836 ad
884 2789 939 2835 Art.
952 2799 1005 2849 v4,
1023 2804 1043 2836 1.

155 2888 175 2932 1,
198 2889 236 2932 26.
269 2895 311 2931 mo
332 2885 383 2931 ubl
408 2884 461 2940 ipsi
487 2882 848 2942 advernrlo-reddlturum]
880 2896 931 2928 non
959 2881 1012 2930 sine
1034 2897 1108 2931 causa

107 2947 250 3015 pronomini
267 2947 313 2997 tibi
330 2945 421 2995 adiecit
437 2947 513 2994 verba
529 2947 580 3010 ipsi
595 2954 620 2996 et
636 2947 784 3004 adversario,
799 2962 854 2994 eam
866 2944 1008 3008 significans
1021 2947 1107 2995 Planci

108 3016 197 3063 docere
214 3027 241 3060 se
259 3024 332 3075 posse
350 3010 518 3059 innocentiam
537 3027 604 3070 esse„
618 3019 646 3060 ut
665 3027 715 3060 non
732 3011 775 3059 alii
793 3019 898 3065 tantum,
916 3010 948 3056 de
967 3026 1009 3058 reo
1025 3011 1106 3059 minus

108 3093 193 3128 severe
204 3076 348 3134 iudicantes,
362 3075 407 3124 sed
418 3075 471 3139 ipse
482 3084 610 3125 accusator
624 3077 761 3126 concedere
776 3083 886 3138 cogatur,
901 3073 962 3122 nihil
978 3090 993 3124 a
1006 3075 1107 3124 Plancio

107 3143 243 3193 admissum
254 3156 314 3201 esse,
328 3154 378 3203 quo
390 3139 467 3189 tribus
478 3141 614 3205 corrupisse
625 3142 675 3190 dici
687 3149 769 3205 queat.
804 3151 838 3187 w.
