2406 3788
113 251 149 308 16
370 246 417 306 M.
442 244 577 304 TVLLI
601 243 846 304 ClCERONIS
968 239 1056 325 [XVI
1072 245 1110 321 38

111 377 202 438 tribus
219 372 356 436 edidisti?
389 372 569 446 Teretinam,
585 374 683 434 credo
726 370 781 433 tuit
797 383 876 433 certe
890 371 922 433 id
936 391 1066 450 aequum
1080 383 1112 441 et

110 484 189 534 certe
203 481 405 548 exspectatum
419 481 465 530 est
479 481 508 531 et
529 470 583 530 fuit
601 468 725 546 dignum
744 469 911 530 constantia
925 480 985 530 tua.
1027 469 1112 541 cuius

110 583 143 632 tu
157 570 248 629 tribus
262 567 447 628 venditorem
460 579 490 628 et
503 578 704 645 corruptorem
719 577 748 627 et
762 577 944 643 sequestrem
958 565 1112 626 Plancium

110 666 200 726 fuisse
219 664 361 738 clamitas,
377 683 444 725 eam
465 663 574 724 tribum
595 664 738 740 proiecto,
760 663 1012 733 severissimorum
1032 683 1112 740 prae-

111 761 211 823 sertim
225 760 381 822 hominum
402 771 432 821 et
450 758 695 836 gravissimorum,
711 761 800 820 edere
820 758 957 821 debuisti.
1000 771 1030 820 at
1043 762 1113 823 Vol·
1138 791 1151 829 ς

112 856 229 919 tiniam:
250 857 322 918 libet
336 856 415 917 enim
430 857 485 917 tibi
497 856 599 918 nescio
613 856 686 934 quid
706 856 794 917 etiam
810 858 847 917 de
861 857 912 918 illa
929 858 1006 919 tribu
1020 858 1118 919 crimin

112 953 194 1014 nari:
215 954 293 1013 hanc
306 952 393 1030 igitur
407 951 502 1029 ipsam
517 972 568 1011 cur
581 972 643 1013 non
657 951 794 1012 edidisti?
822 953 894 1028 quid
910 954 1032 1014 Plancio
1044 974 1113 1015 cum

113 1050 275 1111 Lemonia?
295 1049 367 1126 quid
381 1069 449 1108 cum
460 1049 639 1110 Oufentina?
660 1048 732 1124 quid
746 1068 815 1108 curn
825 1050 1030 1111 Clustumina?
1043 1070 1112 1111 nam

113 1147 271 1218 Maeciam,
300 1165 362 1206 non
390 1165 468 1223 quae
499 1146 650 1220 iudicaret,
681 1148 735 1208 sed
760 1167 839 1224 quae
865 1147 1022 1208 reiceretur
1048 1167 1113 1209 esse

61 1250 99 1307 39
112 1241 238 1304 voluisti.
280 1240 422 1302 dubitatis
445 1241 540 1318 igitur,
563 1241 684 1315 iudices,
705 1242 781 1320 *quin
804 1262 858 1302 vos
883 1245 926 1302 M.
947 1243 1113 1304 Laterensis
1128 1282 1152 1319 ,ρ

113 1359 168 1400 suo
186 1338 305 1411 iudicio,
320 1357 383 1398 non
396 1338 434 1397 ad
449 1338 626 1398 sententiam
640 1339 721 1416 legis,
742 1339 796 1399 sed
810 1340 849 1399 ad
863 1359 948 1399 suam
965 1359 1049 1416 spem
1064 1339 1114 1399 ali-

112 1457 202 1515 quam
228 1435 406 1497 decivitate
429 1437 593 1514 delegerit?
621 1437 762 1497 dubitatis
791 1436 864 1513 quin
886 1457 936 1498 eas
960 1436 1061 1510 tribus,
1083 1437 1114 1497 in

113 1533 221 1610 quibus
239 1551 360 1608 magnas
380 1530 616 1592 necessitudines
634 1533 726 1592 habet
741 1532 889 1606 Plancius,
903 1552 973 1593 curn
989 1533 1038 1592 ille
1052 1552 1114 1592 non

114 1627 246 1702 ediderit,
265 1626 401 1688 iudicarit
421 1625 524 1688 officiis
544 1629 582 1689 ab
603 1629 662 1688 hoc
680 1631 858 1702 observatas,
878 1648 940 1689 non
960 1629 1114 1706 largitione

114 1728 284 1803 corruptas?
316 1725 388 1803 quid
403 1724 483 1786 enim
496 1735 595 1802 potest
609 1725 708 1787 dicere
722 1747 774 1786 cur
787 1727 843 1787 ista
856 1727 948 1787 editio
962 1747 1023 1788 non
1038 1746 1114 1786 suin·
1129 1759 1153 1797 15

114 1844 193 1884 mam
214 1826 323 1886 habeat
342 1824 542 1898 acerbitatem,
557 1836 673 1886 remota
692 1824 807 1886 ratione
827 1825 885 1898 illa,
905 1844 994 1902 quam
1014 1824 1046 1884 in
1066 1825 1116 1886 de-

62 1922 101 1982 40
114 1920 265 1980 cernendo
289 1917 383 1979 secuti
407 1922 528 1981 sumus?
567 1931 600 1980 tu
622 1920 733 1996 deligas
758 1941 795 1981 ex
819 1920 901 1980 omni
927 1921 1041 1997 populo
1065 1931 1115 1980 aut

114 2016 227 2078 amicos
251 2028 318 2075 tuos
342 2026 393 2075 aut
410 2014 546 2076 inimicos
567 2036 651 2077 meos
672 2028 723 2077 aut
743 2016 872 2093 denique
892 2035 952 2088 eos
975 2036 1050 2092 quos
1072 2017 1116 2076 in·

115 2110 279 2183 exorabilis,
295 2129 370 2186 quos
384 2109 569 2182 inhumanos,
585 2130 660 2186 quos
679 2111 805 2170 crudelis
822 2109 988 2171 existimes?
1015 2122 1047 2170 tu
1066 2129 1116 2170 me

116 2206 226 2283 ignaro,
244 2223 301 2264 nec
321 2204 472 2281 opinante,
494 2204 589 2265 inscio
610 2217 697 2266 notes
717 2217 748 2267 et
768 2217 835 2266 tuos
857 2217 886 2267 et
906 2217 1024 2266 tuorum
1046 2205 1116 2264 ami·
1130 2245 1155 2272 ,ο

116 2321 219 2363 corum
243 2298 432 2374 necessarios,
456 2301 504 2360 vel
524 2299 642 2376 iniquos
663 2303 710 2360 vel
731 2321 815 2361 meos
835 2302 882 2361 vel
909 2299 998 2361 etiam
1017 2302 1117 2361 desen-

117 2416 216 2461 sorum
244 2415 386 2470 meorum,
416 2397 583 2471 eodemque
609 2393 762 2472 adiungas,
789 2415 866 2471 quos
892 2405 996 2456 natura
1029 2406 1116 2472 putes

117 2512 237 2571 asperos
259 2502 348 2568 atque
370 2490 508 2550 omnibus
532 2490 672 2567 iniquos?
700 2491 810 2551 deinde
830 2492 964 2551 effundas
984 2504 1115 2569 repente,

118 2602 152 2651 ut
179 2600 249 2650 ante
273 2605 447 2648 consessum
475 2605 609 2647 meorum
637 2585 769 2647 iudicum
796 2585 913 2648 videam
941 2607 1032 2664 quam
1066 2609 1118 2667 po-

118 2685 222 2748 tuerim
237 2683 290 2760 qui
304 2694 402 2744 essent
416 2683 504 2743 futuri
518 2681 667 2760 suspicari,
683 2683 762 2760 apud
781 2702 893 2759 eosque
909 2703 965 2758 me,
982 2704 1021 2744 ne
1035 2686 1117 2762 quin·
1129 2723 1154 2760 2⁵

119 2804 179 2861 que
198 2781 320 2859 quidem
339 2778 462 2854 reiectis,
481 2782 563 2857 quod
583 2781 615 2839 in
635 2780 772 2857 proximo
791 2798 843 2840 reo
861 2780 901 2840 de
918 2780 1034 2840 consilii
1054 2801 1118 2843 sen-

120 2881 212 2942 tentia
234 2875 427 2940 constitutum
447 2888 501 2949 est,
521 2897 610 2955 cogas
631 2895 751 2936 causam
775 2876 813 2936 de
833 2876 955 2937 fortunis
979 2878 1117 2937 omnibus

68 2981 106 3039 41
121 2978 241 3039 dicere?
281 2993 343 3033 non
364 2971 451 3046 enim,
471 2973 497 3032 si
516 2984 566 3034 aut
588 2971 726 3033 Plancius
747 2971 788 3032 ita
805 2970 884 3044 vixit,
903 2984 936 3033 ut
954 2975 1119 3034 offenderet

121 3074 218 3134 sciens
231 3069 389 3142 neminem,
404 3082 456 3130 aut
470 3082 501 3130 tu
515 3070 557 3130 ita
574 3069 684 3144 enasti,
700 3081 732 3130 ut
750 3091 803 3132 eos
821 3072 923 3132 ederes
937 3071 1117 3148 imprudens,

122 3182 156 3230 ut
179 3190 235 3230 nos
259 3169 351 3228 invito
375 3178 405 3228 te
429 3179 528 3228 tamen
554 3169 592 3228 ad
613 3168 735 3241 iudices,
757 3189 818 3229 non
842 3169 881 3228 ad
901 3169 1052 3229 carnifices
1073 3190 1119 3231 ve·
1133 3202 1158 3239 30

122 3267 260 3336 niremus,
278 3264 389 3325 idcirco
410 3265 466 3325 ista
486 3265 577 3326 editio
599 3285 654 3342 per
675 3285 708 3326 se
725 3285 787 3327 non
805 3269 912 3327 acerba
930 3277 982 3327 est
1025 3269 1118 3334 XVII

124 3381 163 3420 an
183 3379 253 3420 vero
277 3380 371 3437 nuper
396 3361 548 3421 clarissimi
567 3361 647 3421 cives
667 3381 778 3422 nomen
799 3361 910 3422 editicii
932 3361 1037 3422 iudicis
1057 3382 1119 3423 non

124 3459 261 3529 tulerunt,
282 3474 349 3515 cum
372 3476 407 3517 ex
427 3473 511 3517 cxxv
531 3456 687 3530 iudicibus,
708 3457 892 3535 principibus
913 3458 1056 3535 equestris
1077 3478 1120 3519 or·
