2406 3788
155 203 193 256 42
345 182 437 244 PRO
460 185 526 244 CN.
548 183 749 244 PLANCIO
776 181 945 244 ORATIO
976 177 1080 262 [XLII
1099 198 1153 240 102

85 317 142 375 103
155 324 253 393 patres
274 314 475 390 deprecamur.
519 311 620 385 nolite,
645 310 768 385 iudices,
790 331 845 390 per
864 331 926 385 vos,
948 330 1002 388 per
1022 317 1154 373 fortunas

154 419 274 482 vestras,
298 428 352 486 per
372 409 481 469 liberos
504 419 626 483 vestros,
649 407 777 468 inimicis
798 406 881 481 meis,
906 407 948 468 eis
970 407 1153 485 praesertim,

155 525 230 582 quos
245 525 300 582 ego
319 526 373 583 pro
387 517 484 566 vestra
502 508 596 567 salute
614 505 740 584 suscepi,
756 507 826 568 dare
844 505 987 567 laetitiam
1005 506 1156 584 glorianti·

155 605 210 664 bus
223 622 276 663 vos
296 600 356 662 iam
375 603 483 664 oblitos
504 603 563 664 mei
581 603 682 664 salutis
701 604 772 676 eius,
787 623 806 663 a
822 623 884 681 quo
902 623 970 665 mea
985 605 1064 664 salus
1086 623 1157 664 con·

155 709 269 758 servata
282 709 335 771 est,
351 697 445 758 hostis
460 696 604 759 exstitisse
615 686 628 758 :¹
643 699 736 760 nolite
750 697 883 760 animum
893 719 993 760 meum
1004 699 1156 760 debilitare
1184 723 1196 761 s

155 814 224 854 cum
233 797 314 855 luctu
323 806 387 856 tum
397 794 485 857 etiam
496 806 577 856 metu
585 806 786 857 commutatae
796 807 908 858 vestrae
918 797 1077 858 voluntatis
1089 816 1157 874 erga

71 905 76 910 ·
156 909 218 950 me:
240 888 326 950 sinite
347 909 403 962 me,
426 890 508 967 quod
528 889 612 951 vobis
632 892 722 950 fretus
743 889 812 950 huic
832 911 921 969 saepe
939 890 1067 970 promisi,
1085 891 1118 952 id
1138 911 1157 950 a

87 1000 145 1060 104
157 986 241 1047 vobis
262 986 289 1047 ei
311 988 484 1063 persolvere.
527 995 623 1063 teque,
645 990 678 1048 C.
698 989 796 1060 Flave,
819 1008 872 1048 oro
893 1000 923 1050 et
943 989 1083 1061 obtestor,
1106 985 1156 1064 qui

158 1103 291 1144 meomm
310 1082 500 1144 consiliorum
520 1081 551 1141 in
572 1086 728 1145 consulatu
749 1083 856 1158 socius,
874 1083 1071 1161 periculomm
1092 1103 1156 1160 par·

59 1238 62 1239 γ
156 1180 258 1257 ticeps,
279 1199 384 1252 rerum,
405 1199 477 1257 quas
495 1178 720 1256 gessi,‘adiutor
741 1178 829 1253 suisti,
851 1200 959 1257 meque
979 1200 1042 1239 non
1063 1179 1194 1240 modom

157 1277 270 1335 salvum
291 1294 414 1352 semper,
437 1277 490 1335 sed
511 1275 601 1335 etiam
625 1287 763 1336 ornatum
782 1277 997 1353 florentemque
1019 1294 1083 1335 esse
1106 1294 1156 1334 vo·

157 1370 243 1444 luisti,
258 1381 292 1431 ut
306 1371 379 1430 mihi
396 1390 449 1448 per
466 1373 522 1431 hos
541 1391 698 1433 conserves
715 1392 793 1446 eum,
808 1392 861 1450 per
879 1391 970 1452 quem
988 1391 1037 1431 me
1054 1371 1107 1432 tibi
1126 1385 1156 1435 et

158 1466 204 1526 his
228 1478 434 1527 conservatum
461 1466 552 1527 vides.
603 1469 691 1527 Plura
718 1488 757 1529 ne
778 1467 884 1542 dicam,
900 1477 968 1528 tuae
994 1486 1043 1527 me
1066 1466 1156 1527 etiam

158 1562 296 1624 lacrimae
316 1562 486 1640 impediunt
509 1573 690 1641 vestraeque,
712 1564 834 1638 iudices,
856 1584 918 1624 non
940 1566 1037 1624 solum
1061 1584 1154 1637 meae,

159 1659 266 1738 quibus
280 1679 335 1737 ego
350 1679 459 1738 magno
473 1659 504 1720 in
519 1672 600 1721 metu
615 1681 682 1722 meo
697 1662 796 1722 subito
809 1661 937 1722 inducor
949 1661 981 1721 in
995 1681 1088 1739 spem,
1102 1682 1155 1723 vos
1170 1683 1193 1722 ιε

159 1759 282 1819 eosdem
304 1757 336 1817 in
361 1758 419 1818 hoc
446 1761 652 1820 conservando
679 1760 799 1836 futuros,
824 1759 874 1837 qui
900 1758 1010 1820 fueritis
1037 1758 1068 1818 in
1097 1778 1154 1834 me,

160 1842 301 1932 quoniam
314 1854 377 1915 istis
392 1855 493 1916 vestris
512 1855 638 1915 lacrimis
658 1858 696 1917 de
713 1855 770 1918 illis
788 1857 935 1930 recordor,
950 1876 1024 1934 quas
1038 1876 1093 1936 pro
1108 1875 1157 1917 me

161 1971 250 2030 saepe
264 1963 293 2012 et
306 1952 433 2012 multum
446 1951 624 2031 profudistis.
