2406 3788
123 161 160 217 2⁶
376 159 423 217 M.
450 158 585 217 rm!
611 157 857 219 crearemus
963 151 1063 237 [xxv
1078 160 1116 216 ω

120 298 270 363 praeterea
289 304 379 345 nemo
398 298 444 347 est
459 286 574 346 honore
594 283 708 362 dignus,
725 282 867 362 quidnam
886 295 930 344 tot
949 283 1069 362 optimis
1087 298 1119 346 et

120 380 311 442 ornatissimis
324 380 438 442 civibus
451 394 497 443 est
510 384 662 442 futurum?

69 474 107 532 63
179 476 285 535 XXVI
327 477 419 536 Iubes
434 475 588 536 Plancium
601 477 640 536 de
653 473 731 537 vitiis
746 476 912 537 Laterensis
927 476 1033 538 dicere.
1075 477 1118 537 ni-

119 572 161 632 hil
181 583 288 650 potest,
303 570 359 632 nisi
372 592 441 633 eum
455 571 542 633 nimis
560 572 591 632 in
610 593 642 633 se
657 571 832 634 iracundum
853 572 998 656 [putabis]
1019 575 1115 636 luisse.

119 667 199 729 idem
220 671 304 729 effers
320 671 509 729 Laterensem
528 669 673 730 laudibus.
726 669 811 730 facile
829 670 925 748 patior
942 669 974 731 id
989 683 1018 732 te
1031 691 1116 750 agere
1144 697 1155 735 r

120 763 220 824 multis
233 762 338 839 verbis,
355 766 437 841 quod
450 767 489 825 ad
503 763 645 825 iudicium
660 783 721 823 non
736 765 888 842 pertineat,
900 780 930 827 et
944 766 975 826 id
989 779 1018 828 te
1032 788 1117 827 accu-

120 871 235 919 santem
250 871 311 919 tam
326 860 376 920 diu
391 858 497 932 dicere,
513 861 595 937 quod
610 879 665 937 ego
679 861 817 920 defensor
831 860 894 920 sine
908 863 1038 938 periculo
1052 883 1118 940 pos·

120 955 177 1016 sim
190 955 331 1017 confiteri.
366 955 448 1033 atqui
459 976 520 1016 non
531 957 622 1016 modo
636 957 780 1016 confiteor
793 976 908 1016 summa
916 957 947 1016 in
959 961 1117 1019 Laterense

119 1068 293 1117 ornamenta
306 1074 380 1127 esse,
395 1056 448 1114 sed
467 1067 496 1116 te
514 1053 602 1116 etiam
619 1055 811 1132 reprehendo,
826 1057 908 1132 quod
922 1075 957 1115 ea
971 1075 1032 1115 non
1049 1076 1118 1116 enu-

120 1172 223 1227 meras,
245 1153 305 1214 alia
324 1154 471 1228 quaedam
493 1153 593 1213 inania
613 1164 644 1214 et
663 1153 739 1214 levia
759 1152 915 1230 conquiris
948 1156 1116 1213 ‘Praeneste
1129 1175 1154 1202 ιο

120 1250 224 1310 secisse
247 1246 342 1311 ludos’
373 1248 467 1327 quid?
493 1249 543 1309 alii
563 1260 734 1326 quaestores
754 1268 855 1309 nonne
878 1251 1032 1310 fecerunt?
1051 1247 1118 1326 ‘Cy-

43 1387 46 1391 ›
119 1347 197 1406 renis
210 1344 362 1406 liberalem
375 1345 404 1406 in
420 1345 606 1424 publicanos,
621 1345 730 1405 iustum
752 1344 782 1404 in
800 1344 898 1404 socios
911 1343 1016 1405 fuisse'.
1050 1345 1116 1422 quis

120 1443 230 1521 negat?
250 1445 304 1504 sed
320 1442 361 1503 ita
377 1444 472 1503 multa
485 1445 603 1502 Romae
619 1453 767 1519 geruntur,
782 1454 815 1501 ut
827 1441 876 1500 vix
894 1461 938 1515 ea,
949 1462 1025 1519 quae
1041 1444 1117 1502 fiunt

69 1543 108 1602 64
119 1537 151 1599 iu
164 1537 331 1617 provinciis,
342 1538 506 1599 audiantur.
538 1557 600 1598 non
609 1557 712 1598 vereor
725 1557 764 1598 ne
778 1536 851 1596 mihi
861 1536 981 1614 aliquid,
993 1537 1115 1610 iudices,

119 1632 220 1696 videar
233 1637 383 1714 adrogare,
398 1635 423 1696 si
437 1636 476 1696 de
490 1645 649 1710 quaestura
661 1650 729 1693 mea
742 1632 851 1693 dixero.
887 1633 1022 1711 quamvis
1036 1633 1115 1695 enim
1131 1659 1153 1696 rs

119 1732 170 1794 illa
189 1734 325 1808 floruerit,
347 1745 448 1794 tamen
469 1753 539 1794 eum
556 1753 605 1793 me
626 1743 731 1809 postea
749 1730 838 1792 fuisse
858 1729 890 1791 in
910 1731 1045 1792 maximis
1064 1731 1117 1791 irn-

119 1831 206 1908 petiis
219 1831 350 1906 arbitror,
366 1843 399 1892 ut
416 1852 476 1892 non
495 1830 536 1892 ita
552 1832 677 1891 multum
696 1829 770 1889 mihi
788 1828 897 1908 gloriae
913 1829 951 1891 sit
972 1850 1010 1891 ex
1031 1850 1118 1908 quae·

119 1938 215 1988 sturae
236 1930 325 1988 laude
347 1929 560 2005 repetendum:
587 1929 640 1988 sed
661 1937 761 1987 tamen
782 1946 845 1987 non
864 1946 968 1987 vereor
988 1946 1027 1987 ne
1051 1925 1117 2004 quis

118 2025 228 2085 audeat
242 2025 341 2085 dicere
354 2025 441 2084 ullius
461 2026 491 2084 in
506 2024 606 2085 Sicilia
622 2036 810 2101 quaesturam
828 2035 880 2084 aut
898 2023 1051 2085 clariorem
1065 2036 1117 2085 aut
1195 2053 1200 2063 ¹

118 2120 274 2196 gratiorem
289 2120 385 2180 fuisse.
424 2140 492 2181 vere
507 2140 555 2180 me
569 2121 688 2180 hercule
701 2121 761 2180 hoc
775 2120 888 2181 dicam:
908 2093 1029 2227 sifum
1044 2118 1116 2179 exis·
1128 2143 1153 2171 ω

118 2216 269 2291 timabam,
284 2217 357 2277 nihil
377 2217 514 2277 homines
528 2215 609 2277 aliud
624 2217 741 2277 Romae
754 2215 811 2276 nisi
825 2218 864 2276 de
877 2227 1035 2292 quaestura
1049 2235 1116 2276 mea

118 2313 207 2392 loqui.
258 2314 397 2374 frumenti
423 2312 455 2373 in
483 2333 600 2374 summa
626 2312 747 2373 caritate
773 2311 936 2371 maximum
959 2331 1115 2372 numerum

118 2409 268 2470 miseram:
293 2409 524 2488 negotiatoribus
543 2408 645 2484 comis,
661 2409 871 2469 mercatoribus
888 2407 989 2480 iustus,
1004 2408 1115 2470 maraci·

117 2507 204 2584 pibus
217 2506 352 2581 liberalis,
368 2505 456 2567 sociis
469 2505 629 2579 abstinens,
645 2505 783 2565 omnibus
800 2524 880 2564 eram
895 2503 974 2566 visus
984 2504 1019 2564 in
1033 2504 1115 2566 omni

117 2602 216 2666 officio
240 2601 499 2681 diligentissimus;
527 2600 685 2679 excogitati
709 2600 832 2678 quidam
855 2613 943 2662 etant
969 2621 987 2662 a
1010 2601 1115 2663 Siculis
1128 2629 1154 2669 r,-

66 2701 246 2770 u5honores
267 2701 298 2761 in
322 2720 371 2762 me
394 2698 536 2763 inauditi:
575 2699 675 2776 itaque
695 2699 757 2759 bac
779 2718 832 2775 spe
855 2699 1051 2773 decedebam,
1081 2709 1115 2760 ut
1144 2771 1146 2775 ¹

116 2796 190 2856 mihi
210 2798 354 2875 populum
373 2784 545 2856 Romanum
564 2795 642 2853 ultro
662 2793 764 2853 omnia
784 2794 951 2853 delaturum
970 2804 1113 2870 putarem.
1190 2794 1192 2798 ’

117 2903 148 2953 at
161 2912 217 2972 ego
234 2913 304 2954 cum
321 2912 393 2953 oesu
407 2889 512 2952 diebus
528 2888 571 2951 eis
587 2889 699 2950 itineris
717 2889 845 2950 faciendi
863 2911 952 2952 causa
965 2893 1115 2954 decedens

114 3008 136 3050 e
151 2990 306 3067 provincia
319 2990 459 3050 Puteolos
480 2990 555 3048 sorte
568 2987 725 3058 venissem,
740 3008 809 3048 cum
829 2988 948 3067 plurimi
967 3001 997 3050 et
1017 2990 1115 3051 lautis·

118 3085 185 3145 simi
198 3087 229 3145 in
248 3087 290 3148 eis
304 3087 377 3148 locis
395 3088 493 3147 solent
511 3104 584 3159 esse,
600 3075 718 3146 concidi
736 3106 840 3164 paene,
855 3087 976 3162 iudices,
991 3107 1060 3148 cum
1078 3107 1153 3148 exso

118 3199 167 3241 me
181 3181 303 3258 quidam
321 3182 484 3260 quaesisset
502 3201 563 3258 quo
582 3182 632 3242 die
646 3184 745 3243 Roma
761 3183 886 3246 exissem
909 3197 938 3247 et
958 3186 1115 3263 numquid·

118 3299 190 3339 nam
209 3289 287 3338 esset
310 3278 387 3338 novi.
438 3276 487 3336 cui
510 3295 579 3336 cum
602 3279 830 3355 respondissem,
855 3299 905 3339 me
925 3299 943 3339 e
963 3280 1115 3358 provincia

119 3374 277 3436 decedere:
300 3371 402 3430 ‘etiam
423 3390 472 3432 me
492 3371 626 3434 hercule’
640 3372 736 3451 inquit
751 3380 797 3434 ‘ut
815 3373 930 3454 opinor,
946 3395 984 3436 ex
997 3375 1113 3437 Asriea’
