2406 3788
122 189 177 229 120
412 170 503 230 PRO
534 170 599 229 CN.
624 169 825 229 PLANCIO
918 163 990 248 [XX
1010 158 1121 242 §239ss

118 298 264 362 significatio
276 298 356 347 aliena
367 298 459 347 abhoc
471 298 527 346 loco
538 305 583 353 est,
595 297 622 345 in
634 313 683 361 quo
695 303 797 360 apparet
810 296 857 344 hoc
867 295 959 344 debere
971 289 1119 342 Ciceronem

119 365 208 422 dicere,
223 364 247 411 in
262 363 345 411 Planci
357 365 451 412 honore
462 369 515 410 tota
526 363 626 412 comitia
638 363 763 425 superiora
774 361 881 409 faustum
893 375 966 408 omen
979 358 1121 422 posteriori-

118 428 165 477 bus
176 428 282 476 comitiis
293 428 374 477 fuisse.
398 429 486 491 Itaque
497 444 547 475 non
559 427 647 476 dubito
659 427 719 490 quin
725 425 900 489 praerogativa
909 440 954 486 pro
964 422 1120 473 substantivo

118 492 261 541 habendum
277 492 316 548 sit,
332 501 414 556 atque,
429 502 456 541 ut
474 493 500 541 in
516 493 570 541 Cic.
587 508 626 554 ep.
644 493 676 539 ad
694 491 743 539 div.
759 501 798 538 xv
814 491 879 550 55²
897 487 983 552 quodsi
996 486 1123 549 triumphi

116 557 353 620 praerogativam
365 564 442 620 putas
457 556 658 620 supplicationem
675 562 699 604 et
716 555 785 611 alibi,
797 555 927 602 faustum
943 566 1028 600 omen
1044 551 1120 613 signi·

116 624 180 672 sicet.
217 625 294 672 Recte
305 632 387 672 autem
399 623 495 672 tlativos
506 625 611 671 comitiis
622 640 648 672 se
660 623 744 672 habet.
772 622 820 685 Cp.
836 623 903 671 Ovid
916 622 1018 669 Metam.
1033 631 1052 666 v
1065 632 1113 680 550

114 690 201 738 dirum
213 689 389 737 mortalibus
400 705 467 737 omos
479 690 547 736 bubo.
573 700 606 737 w.
635 689 687 737 Cic.
703 700 720 736 1.
742 688 808 735 Vtrr.
825 701 848 751 9.
864 685 903 746 26,
917 687 989 734 Mur.
1007 686 1035 733 18
1047 685 1059 742 ἓ
1072 685 1112 746 38.

167 786 243 843 §⁶0,
255 787 273 832 1.
285 789 322 833 to.
357 788 386 833 id
401 787 748 844 ionem—quod-leoorunt,
766 783 808 844 ut]
831 784 934 833 observe
950 784 1004 834 that
1021 785 1064 834 the
1081 791 1120 833 ut·

111 849 200 898 ,clause
212 850 233 898 is
249 851 308 898 here
319 851 344 897 in
355 851 497 913 apposition
509 858 535 897 to
551 850 593 897 the
605 865 726 912 pronoun,
740 848 821 897 which
839 849 857 897 it
873 864 954 898 serves
970 857 996 897 to
1012 851 1120 912 expanti,

119 913 229 976 deliniug
248 915 314 962 what
333 915 353 962 is
373 923 457 962 meant
475 929 544 962 more
562 914 691 977 precisely.
725 912 765 963 Cf.
782 912 890 977 3813,
909 912 995 972 5161.
1010 930 1048 971 ιι,
1063 917 1119 974 §72

119 977 136 1027 l·
150 980 172 1035 8,
189 981 202 1037 ἓ
217 993 245 1040 75
258 979 275 1027 l.
292 994 328 1044 19,
344 979 427 1026 Kenn.
441 979 484 1026 Gr.
498 994 522 1040 p.
537 994 592 1038 440.

167 1075 186 1120 1.
198 1078 234 1121 12.
271 1086 331 1121 oum
349 1077 437 1120 minus
452 1076 599 1120 rulutment
618 1074 753 1129 suffragiis
770 1083 851 1129 quam
868 1071 1020 1132 putassent]
1039 1072 1121 1120 ‘since

120 1137 177 1199 they
187 1153 251 1186 were
261 1151 304 1186 not
315 1153 343 1185 so
355 1145 441 1200 strong
451 1137 477 1186 in
489 1147 559 1186 votes
570 1152 597 1184 as
609 1138 723 1200 theyhad
735 1135 874 1199 expected,’
885 1139 898 1197 ἕ
910 1153 941 1203 49
953 1137 968 1186 l
982 1152 1005 1185 α.

167 1235 185 1280 1.
199 1237 236 1280 13.
272 1235 385 1289 pronus
407 1233 531 1292 cointius]
562 1233 611 1295 ‘by
631 1249 662 1281 an
685 1233 860 1296 adjournment
882 1231 912 1281 ol
927 1233 970 1281 the
991 1228 1120 1294 meeting,’

119 1295 197 1344 either
208 1297 242 1358 by
252 1297 406 1344 obnuntiatio
421 1313 448 1345 or
459 1298 563 1345 because
577 1297 606 1344 ol
619 1314 634 1345 a
645 1313 701 1345 case
712 1297 741 1345 os
752 1299 849 1345 morbus
859 1298 997 1356 comitialis,
1012 1298 1121 1359 Ramsay

119 1361 151 1408 R.
165 1363 197 1408 Α.
214 1376 238 1422 p.
254 1376 306 1422 114.
327 1361 367 1410 Cf.
377 1362 456 1409 Plaut.
466 1362 538 1425 Capi.
553 1374 561 1410 1
576 1377 605 1412 10
616 1362 657 1409 ubi
659 1364 801 1425 prolatae
811 1379 849 1410 res
859 1369 928 1419 strui,
938 1368 944 1388 ‘
955 1363 1028 1410 when
1035 1361 1121 1427 public

119 1424 231 1473 business
242 1425 262 1474 is
273 1434 318 1490 put
330 1425 381 1474 oli.¹

167 1524 184 1569 1
200 1526 237 1570 15.
272 1526 307 1571 ad
318 1526 346 1571 to
357 1536 516 1572 conversura
526 1524 617 1584 merit]
637 1523 734 1572 ‘would
748 1524 812 1572 have
827 1539 898 1572 corne
915 1523 995 1572 round
1012 1530 1038 1572 to
1052 1520 1120 1586 you,¹

121 1586 203 1635 Kenn.
219 1587 263 1636 Gr.
278 1603 304 1651 p.
316 1590 372 1650 485,
387 1588 410 1637 6.
445 1590 525 1638 Other
543 1590 667 1638 instances
683 1590 712 1637 of
725 1589 767 1637 the
775 1590 875 1637 intrans.
883 1603 926 1637 use
944 1588 973 1637 ol
986 1594 1121 1636 convertere

120 1667 161 1699 are
170 1652 238 1700 Brut.
250 1655 263 1712 ἓ
275 1668 317 1712 141
331 1653 374 1701 hoc
383 1654 475 1702 vitium
486 1654 545 1701 huic
555 1656 604 1702 uni
614 1655 642 1702 in
654 1654 742 1702 bonum
753 1653 945 1709 convertebat,
959 1653 1051 1702 Sallust
1063 1652 1120 1701 Cat.

120 1726 177 1776 V17
197 1717 240 1765 ubi
254 1719 347 1780 regium
363 1719 494 1780 imperium
512 1720 540 1766 r'n
558 1719 695 1781 siparium
713 1718 949 1780 dominationemque
964 1718 1120 1772 convertit,

120 1781 194 1829 Lucr.
206 1793 224 1828 v
239 1798 299 1843 1422
311 1784 448 1846 disperiisse
455 1799 531 1848 neque
543 1784 692 1848 infractum
704 1789 872 1832 convertere
881 1782 969 1845 quisse.

168 1892 312 1938 numquam
329 1881 711 1940 cutm-nobilitas—supplox]
735 1880 868 1942 exprobrat
884 1879 1021 1927 identidem
1037 1893 1121 1940 snper·

119 1943 195 2002 biam,
216 1946 283 2007 quod
301 1946 378 1994 nimia
394 1946 485 1995 fiducia
502 1947 640 1994 nobilitatis
657 1947 806 2009 dedignatus
823 1945 853 1992 sit
871 1944 965 2007 populo
982 1943 1122 2006 supplicare

120 2023 149 2055 ac
167 2016 297 2071 propterea
312 2026 362 2058 non
378 2012 545 2074 impetraverit
560 2011 720 2071 aedilitatem,
734 2025 798 2074 quae
813 2025 828 2058 a
843 2009 945 2059 Plancio
960 2007 1122 2056 verecundius

120 2081 195 2134 atque
206 2074 335 2122 demissius
346 2083 477 2138 peteretur.
512 2088 608 2124 SCHOL.
620 2087 684 2123 vnT.

168 2171 186 2215 1.
199 2173 236 2218 16.
272 2173 379 2228 integro
389 2170 557 2230 praesertim]
590 2171 606 2218 i.
615 2186 639 2233 q.
660 2169 837 2234 praesertim
850 2168 875 2217 si
886 2165 1004 2232 integra
1016 2175 1101 2216 esset.

168 2264 186 2309 1.
201 2267 237 2311 1⁷.
274 2267 387 2321 supplex
396 2267 538 2321 repudiata
552 2263 604 2322 esi]
621 2263 665 2311 i.e.
678 2279 744 2311 cum
757 2263 951 2327 supplicaret,
972 2279 1007 2312 or.
1020 2277 1045 2326 p.
1057 2263 1119 2312 Sest.

121 2328 134 2386 ἓ
147 2343 176 2388 54
184 2342 260 2389 gerur
269 2344 285 2374 a
296 2329 392 2376 Pisonis
403 2329 509 2376 consulis
514 2328 617 2391 pedibus
627 2328 754 2391 supplex
765 2328 914 2377 mittebatur.

121 2489 135 2541 ε
166 2425 187 2535 ἐ
199 2427 237 2471 18.
271 2425 357 2480 pluris
379 2423 441 2484 frtit]
470 2425 544 2487 Roby
566 2425 610 2472 Gr.
636 2436 657 2471 11
682 2423 779 2488 presnce
799 2440 825 2489 p.
842 2424 894 2472 lviii
914 2423 948 2482 ll,
972 2424 1056 2472 Kenn.
1077 2424 1120 2473 Gr.

122 2533 127 2544 ,
154 2503 162 2534 1
184 2501 207 2548 9.

168 2587 187 2630 1.
200 2588 237 2632 ²⁰.
270 2587 381 2632 minoris
391 2583 506 2648 purus]
519 2600 551 2634 sc.
567 2601 641 2634 esse.

168 2684 188 2729 l.
200 2686 238 2729 21.
274 2681 397 2741 secudu]
420 2698 479 2746 very
491 2684 569 2746 rarely
586 2685 646 2732 used
666 2684 771 2734 without
789 2685 837 2733 loco
854 2684 893 2733 for
908 2683 1061 2748 ‘secondly‚’
1082 2684 1122 2732 ‘in

121 2747 266 2860 thlhsec'lnd
278 2745 367 2810 place,’
379 2747 410 2794 cf.
419 2748 451 2795 de
459 2747 507 2812 leg.
521 2759 530 2796 1
543 2751 556 2807 ἓ
568 2762 607 2811 35.
643 2749 815 2798 Hirschfelder
823 2750 886 2798 adds
897 2750 944 2798 loco
955 2750 1060 2799 without
1072 2750 1120 2799 MS

121 2828 152 2860 au
182 2827 218 2859 ori
230 2828 254 2874 y.

170 2911 188 2956 1.
201 2913 237 2958 2³.
258 2912 296 2957 eis
307 2908 429 2968 domnus]
448 2908 511 2971 ‘just
523 2916 549 2957 to
561 2908 631 2958 those
638 2926 740 2973 persons
748 2909 833 2959 '=Gr.
843 2907 936 2958 τούτοις
952 2908 988 2969 δή,
1002 2926 1043 2960 see
1054 2927 1077 2961 n.
1088 2927 1121 2959 on

123 2974 136 3031 ἕ
150 2991 164 3035 4
176 2973 192 3022 l.
208 2972 246 3031 26,
261 2974 311 3022 and
320 2973 351 3021 cs.
364 2989 403 3037 ep.
416 2974 447 3021 ad
460 2974 518 3021 fam.
531 2985 550 3021 x
564 2989 600 3032 10,
616 2987 624 3023 1
639 2976 661 3022 is
671 2977 737 3023 enim
748 2976 875 3038 denique
884 2975 1034 3023 honosruihi
1043 2976 1125 3024 videri

121 3039 184 3095 solet,
199 3038 245 3099 qui
263 3054 313 3085 raon
327 3044 428 3100 propter
441 3046 504 3101 spem
514 3039 608 3101 futuri
621 3040 735 3102 benficii,
757 3041 800 3087 sed
810 3046 912 3102 propter
925 3055 1016 3101 magna
1034 3041 1123 3088 mm'ta

121 3103 196 3149 claris
207 3103 396 3166 virisdesertur,
411 3118 447 3150 or.
460 3119 485 3166 p.
499 3103 599 3164 Quinct.
614 3106 628 3162 ἕ
644 3107 682 3167 38,
698 3106 745 3153 Ov.
761 3105 818 3152 Am.
836 3115 905 3162 1114,
920 3119 934 3165 5
951 3104 976 3151 si
991 3119 1040 3167 quo
1058 3110 1122 3152 rareto

120 3167 286 3228 ciemptocasta
293 3175 333 3225 est,
347 3182 377 3215 eo
388 3167 440 3215 den
445 3169 512 3232 ique
522 3176 586 3216 costo
598 3176 639 3217 est.

169 3263 187 3306 1.
200 3264 237 3308 24„
272 3262 421 3322 ambitioni]
446 3263 530 3311 multis
549 3263 616 3311 enim
639 3263 804 3311 ambientibus
823 3261 903 3310 honos
923 3263 1012 3313 datur:
1032 3263 1122 3312 sedeis

122 3324 251 3372 iucundior
261 3338 314 3372 esse
326 3325 407 3386 debet,
421 3342 525 3391 quorum
536 3327 652 3390 dignitati
661 3329 742 3376 datur.
777 3339 926 3376 winiterius
