2406 3788
35 128 38 134 ¹
133 176 319 262 XXVII67]
364 181 456 242 PRO
486 181 552 242 CN.
574 180 774 241 PLANCIO
805 180 972 241 ORATIO
1092 197 1127 256 η

131 309 254 369 XXVII
288 307 359 369 huic
387 328 445 387 ego
475 306 535 370 iam
563 309 754 370 stomachans
781 309 933 371 fastidiose
959 308 1063 371 ‘immo
1092 331 1129 371 ex

131 403 248 480 Sicilia,’
261 402 390 483 inquam.
412 418 476 467 tum
491 405 622 484 quidam,
634 409 718 495 quasi
732 405 783 484 qui
794 405 895 468 omnia
904 406 1004 469 sciret:
1027 407 1130 484 ‘quidl

130 511 164 561 tu
186 502 293 563 nescis’
311 501 408 580 inquit
423 504 519 563 ‘hunc
539 514 726 580 quaestorem
745 501 894 581 Syracusis
915 504 1029 566 fuissei’
1055 501 1128 581 quid

131 599 244 658 multa?
256 598 355 660 destiti
366 599 544 660 stomachari
554 612 584 661 et
593 619 642 661 me
651 620 743 659 unum
757 620 793 661 ex
802 599 843 661 eis
852 600 916 673 feci,
927 601 979 678 qui
989 602 1029 662 ad
1037 620 1129 679 aquas

107 692 287 759 svenissent
326 694 363 754 ed
373 713 408 755 ea
416 714 471 769 res,
480 693 603 768 iudices,
613 695 693 755 haud
705 694 766 755 scio
775 715 813 754 an
822 698 889 773 plus
898 697 969 756 mihi
978 696 1127 774 profuerit,

130 806 220 864 quam
234 704 345 849 sain
360 801 422 849 tum
437 801 537 850 essent
550 809 655 850 omnes
668 790 819 868 gratulati:
836 811 906 850 nam
932 804 1126 869 posteaquam
1140 795 1177 852 66

128 883 207 944 sensi
230 885 335 963 populi
359 884 491 946 Romani
514 884 592 946 auris
615 886 791 959 hebetiores,
814 888 916 946 oculos
940 899 1039 947 autem
1063 907 1127 948 esse

127 979 203 1041 acris
216 992 307 1058 atque
320 993 433 1055 acutos,
448 981 549 1043 destiti
563 980 634 1059 quid
649 983 688 1043 de
701 1001 751 1042 me
772 982 900 1042 audituri
917 993 1016 1042 essent
1034 983 1128 1042 homi-

127 1077 338 1155 nescogitare3
355 1078 412 1139 feci
426 1090 459 1139 ut
472 1091 577 1156 postea
590 1077 699 1139 cotidie
713 1091 898 1155 praesentem
917 1098 965 1139 me
978 1079 1126 1140 viderent:

92 1197 117 1226 ιο
127 1172 258 1234 habitavi
271 1175 303 1235 in
321 1175 424 1248 oculis,
438 1174 531 1253 pressi
549 1177 664 1250 forum3
684 1174 834 1236 neminem
848 1197 867 1237 a
880 1196 1039 1254 congressu
1056 1196 1126 1237 meo

126 1288 225 1346 neque
245 1270 353 1332 ianitor
372 1291 457 1332 meus
477 1291 576 1349 neque
594 1291 716 1332 somnus
735 1272 898 1333 absterruit
940 1273 1048 1350 ecquid
1068 1292 1125 1351 ego

125 1367 224 1428 dicam
245 1369 285 1430 de
307 1368 459 1447 occupatis
481 1369 556 1430 meis
579 1369 773 1447 temporibus,
795 1370 844 1430 cui
864 1368 951 1431 suerit
971 1388 1010 1429 ne
1030 1370 1124 1431 otium

125 1464 247 1541 quidem
257 1486 400 1544 umquam
415 1466 562 1527 otiosum?
582 1487 652 1527 nam
664 1486 737 1545 quas
749 1480 780 1528 tu
791 1487 1016 1541 commemoras,
1029 1469 1122 1542 Cassi,

123 1560 221 1637 legere
242 1573 272 1622 te
292 1563 387 1624 solere
408 1561 565 1636 orationes,
587 1583 656 1622 cum
676 1563 789 1624 otiosus
809 1565 857 1636 sis,
872 1567 925 1624 has
945 1583 1002 1640 ego
1022 1564 1123 1643 scripsi

88 1683 112 1721 ις
124 1655 201 1717 ludis
221 1669 252 1718 et
271 1657 358 1732 feriis,
378 1679 417 1720 ne
442 1659 565 1720 omnino
586 1679 729 1736 umquam
745 1679 842 1720 essem
861 1659 983 1720 otiosus.
1012 1661 1122 1721 etenim

124 1754 166 1812 Μ.
174 1753 298 1815 Catonis
306 1755 390 1828 illud,
401 1757 485 1832 quod
495 1754 526 1816 in
534 1754 681 1832 principio
692 1754 808 1833 scripsit
823 1754 976 1832 Originum
991 1775 1118 1829 suarum,

122 1868 241 1928 semper
258 1852 448 1930 magnificum
463 1865 493 1915 et
507 1856 690 1932 praeclamm
708 1853 818 1931 putavi,
834 1856 978 1914 clarorum
992 1853 1120 1916 virorum

104 1989 106 1992 -
122 1956 212 2022 atque
233 1967 407 2026 magnorum
426 1969 488 2010 non
501 1949 599 2010 minus
613 1949 666 2010 otii
680 1969 771 2026 quam
784 1948 896 2028 negotii
909 1951 1055 2014 rationem
1074 1972 1122 2013 ex·

41 2052 47 2063 '
122 2052 200 2101 stare
216 2055 361 2120 oportere.
404 2043 505 2122 itaque
519 2044 545 2105 si
558 2063 649 2122 quam
662 2047 761 2106 habeo
775 2046 903 2119 laudem,
919 2066 997 2123 quae
1010 2061 1121 2124 quanta

26 2135 30 2141 ’
85 2170 113 2199 ιο
122 2134 159 2196 sit
172 2137 282 2210 nescio,
296 2149 382 2216 parta
395 2142 513 2200 Rornae
526 2153 579 2212 est,
590 2139 723 2217 quaesita
736 2140 768 2200 in
780 2142 858 2216 ior03
871 2161 998 2220 meaque
1007 2142 1120 2219 privata

21 2232 25 2247 '
121 2234 246 2295 consilia
268 2237 380 2314 publici
407 2257 528 2315 quoque
555 2257 641 2299 casus
667 2241 941 2316 comprobaverunt,
966 2251 1000 2301 ut
1029 2241 1119 2302 etiam

121 2351 237 2395 summa
250 2354 295 2396 res
309 2336 431 2414 publica
443 2336 515 2396 mihi
530 2335 611 2397 domi
627 2337 714 2398 suerit
730 2339 862 2415 gerenda
874 2349 905 2398 et
918 2340 988 2399 urbs
1000 2336 1032 2397 in
1045 2340 1118 2399 urbe

120 2433 272 2494 servanda.
315 2436 421 2495 eadem
445 2433 540 2512 igitur,
565 2435 659 2508 Cassi,
681 2435 730 2496 via
753 2435 868 2496 munita
888 2435 1043 2497 Laterensi
1062 2449 1116 2509 est,
1130 2432 1168 2494 67

119 2528 200 2592 idem
219 2531 333 2593 virtutis
353 2552 455 2593 cursus
475 2535 514 2594 ad
533 2534 664 2611 gloriam,
684 2535 742 2594 hoc
761 2533 873 2594 facilior
888 2537 1018 2606 fortasse,
1032 2535 1117 2611 quod

83 2648 176 2706 ,sago
189 2631 248 2691 huc
260 2651 280 2692 a
293 2650 342 2692 me
363 2642 444 2692 ortus
463 2642 493 2692 et
511 2651 565 2708 per
583 2652 632 2693 me
652 2632 738 2693 nixus
756 2632 885 2704 ascendi,
900 2631 982 2692 istius
1002 2629 1117 2708 egregia

92 2772 94 2779 .
118 2727 207 2788 virtus
219 2728 407 2790 adiuvabitur
420 2729 682 2792 commendatione
695 2729 849 2791 maiorum.
882 2731 935 2790 sed
949 2738 982 2788 ut
995 2729 1114 2788 redeam

117 2826 156 2885 ad
177 2827 340 2898 Plancium,
364 2845 530 2903 numquam
551 2846 587 2888 ex
606 2829 680 2889 urbe
699 2827 772 2888 afuit
796 2825 853 2886 nisi
876 2836 954 2885 sorte
977 2826 1043 2900 lege
1065 2841 1116 2883 ne·

116 2922 266 2984 cessitate:
287 2943 349 2984 non
362 2922 455 2984 valuit
468 2923 555 2985 rebus
567 2925 674 3000 isdem,
688 2925 795 3002 quibus
813 2925 936 2983 sortasse
952 2938 1014 2980 non
1027 2919 1114 2981 nulli:

116 3031 148 3081 at
155 3021 247 3081 valuit
256 3021 445 3094 adsiduitate,
453 3022 547 3084 valuit
560 3023 756 3095 observandis,
765 3018 875 3091 amicis,
883 3017 979 3078 valuit
989 3016 1115 3077 liberali·

24 3172 26 3179 .
81 3149 107 3186 ,ο
117 3128 196 3178 tate:
222 3119 276 3179 fuit
296 3119 328 3177 in
347 3118 450 3188 oculis,
472 3118 583 3194 petivit,
608 3139 644 3180 ea
664 3130 710 3180 est
728 3136 798 3177 usus
818 3115 932 3175 ratione
945 3113 1031 3186 vitae,
1053 3133 1113 3191 qua

116 3212 239 3274 minima
256 3212 368 3274 invidia
383 3213 453 3274 novi
467 3214 603 3277 homines
621 3213 739 3294 plurimi
757 3224 825 3274 sunt
844 3213 967 3273 eosdem
984 3212 1112 3274 honores

115 3309 276 3372 consecuti.
