2406 3788
90 199 170 282 578]
409 170 411 175 ⁵
517 202 669 264 NOTES
777 193 780 197 ’
1030 210 1085 292 syr

138 335 156 378 1.
175 336 211 380 aa.
245 332 400 392 defugerim]
418 331 453 381 So
470 330 508 381 La
525 332 567 382 Hs
578 332 641 382 with
658 335 704 380 'm
738 331 794 381 The
813 338 928 381 common
946 330 1048 394 reading
1066 330 1088 380 is

91 395 234 459 defugerem,
244 397 404 453 conditional,
413 397 455 445 i.e.
465 398 485 444 si
497 398 557 445 mihi
564 398 717 446 subeundum
725 405 789 445 esset
798 413 843 462 pro
852 400 931 446 salute
938 396 1087 453 Laterensis,

91 475 118 508 as
130 461 241 508 Wunder
252 462 364 524 explains
372 461 403 518 it;
421 462 513 510 Miiller
524 463 615 510 retains
626 462 675 510 this
686 463 798 526 reading.

138 562 189 609 quo
206 554 439 609 quidem-gratus
454 552 549 613 videri]
570 552 630 601 ‘and
645 551 684 601 lor
694 552 743 601 this
759 568 846 602 reason
860 551 887 602 in
902 552 950 603 fact
968 550 1038 603 Iam
1054 553 1088 604 all

89 615 131 662 the
148 631 223 673 more,
239 616 251 663 Ι
265 616 339 664 won't
356 633 399 678 say
411 617 605 665 wretched—for
621 616 675 666 that
691 618 712 666 is
728 633 743 665 a
760 625 823 666 term
839 617 1016 682 incompatible
1026 619 1088 669 with

88 679 252 738 virtue—but,
266 688 292 728 to
308 695 352 743 say
363 681 405 728 the
422 680 491 740 least,
506 682 647 743 perplexed,
662 690 706 731 not
722 682 828 731 because
845 683 858 731 I
875 698 916 731 am
931 684 1009 733 under
1024 684 1087 732 obli·

86 743 172 805 gation
184 752 210 792 to
221 760 296 807 many
306 760 409 807 persons
415 745 480 793 -for
490 746 613 808 gratitude
624 746 646 796 is
657 746 702 795 but
713 763 728 794 a
740 746 802 810 light
814 747 910 796 burden
925 747 1038 811 imposed
1053 749 1087 811 by

87 824 120 855 an
134 815 174 857 act
189 808 218 857 of
231 809 428 858 kinduess-but
442 809 547 858 because
563 810 632 859 there
645 810 784 874 frequently
795 810 851 859 falls
865 818 908 859 out
920 820 945 860 at
961 812 1004 860 the
1017 825 1091 862 same

86 871 147 920 time
158 875 218 921 such
231 889 247 920 a
261 873 376 937 personal
395 874 557 937 competition
575 875 603 923 of
617 874 731 925 interests
747 877 858 924 between
870 875 984 924 different
995 876 1087 939 parties

86 937 241 997 themselves,
256 939 313 986 who
330 939 393 986 have
404 939 469 987 done
486 954 526 988 me
540 940 607 1002 good
623 940 722 999 service,
736 940 815 988 thatI
830 939 882 988 sear
893 940 906 988 1
919 955 965 988 can
976 940 1086 1004 scarcely

86 1001 118 1050 be
133 1003 252 1065 regarded
263 1019 291 1051 as
301 1003 406 1066 grateful
419 1011 444 1052 to
455 1003 488 1051 all
500 1012 526 1052 at
537 1006 580 1052 the
590 1020 658 1053 same
669 1001 746 1053 time!

132 1118 151 1165 1.
165 1121 205 1165 21.
238 1120 413 1166 misor-nam
427 1119 844 1180 hocquldemabhorretav.v.]
861 1118 927 1181 578.
960 1118 1023 1168 'l’his
1034 1135 1085 1169 was

85 1195 100 1229 a
116 1180 227 1230 doctrine
244 1183 273 1231 of
286 1184 329 1231 the
347 1184 442 1232 Stoics:
461 1184 583 1232 Paradox.
596 1187 643 1243 115
659 1199 687 1246 ¹9
701 1191 731 1232 ut
745 1185 851 1248 improbo
861 1192 884 1234 et
895 1185 968 1233 stulto
978 1191 1001 1232 et
1010 1184 1087 1233 inerti

85 1247 180 1294 rnereini
190 1247 246 1295 bene
256 1263 302 1295 esse
307 1254 392 1310 potest,
404 1248 440 1296 sic
450 1248 526 1297 honus
537 1250 579 1296 vir
588 1255 611 1297 ct
623 1249 718 1311 sepiem
733 1248 839 1312 etsortis
853 1249 941 1297 miser
954 1264 1001 1297 esse
1014 1264 1085 1298 nenio

79 1316 163 1373 potest.
196 1312 279 1360 There
296 1313 317 1360 is
336 1328 352 1361 a
368 1321 427 1361 note
445 1329 479 1362 on
497 1313 546 1362 this
561 1328 665 1377 passage
679 1313 705 1360 in
723 1313 765 1362 the
783 1313 885 1363 Scholia
900 1314 1083 1364 Ambrosianus

85 1377 174 1425 ‘Hanc
185 1376 332 1425 sententiam
344 1379 480 1426 secundum
491 1379 547 1426 illos
555 1377 718 1441 philosophos
730 1377 821 1432 intulit,
830 1378 874 1442 qui
881 1379 1084 1427 existimaverunt
1167 1413 1170 1421 .

83 1455 180 1504 semper
189 1441 275 1489 beatos
286 1457 339 1490 esse
350 1443 477 1506 sapientis,
490 1457 625 1504 numquam
637 1443 739 1490 miseros
750 1442 943 1502 existimandos;
960 1458 990 1491 ac
1001 1443 1083 1507 siquid
1174 1453 1179 1458 “

83 1505 179 1553 adversi
191 1506 351 1569 prudentibus
368 1506 484 1562 eveniret,
497 1521 548 1554 non
564 1521 671 1569 poenam
687 1505 766 1568 magis
781 1513 805 1553 et
820 1507 995 1562 calamitatem,
1007 1521 1082 1570 quam

83 1571 282 1618 exercitationem
294 1585 347 1617 esse
358 1569 489 1617 fortunae!
523 1568 564 1617 On
579 1570 706 1618 abhorrere
716 1583 733 1615 a
749 1568 782 1617 cl.
792 1571 807 1629 5
819 1572 849 1632 58
862 1571 879 1618 l.
892 1587 915 1627 a,
927 1586 962 1620 or.
974 1586 999 1635 p.
1015 1572 1082 1621 Sest.

82 1635 96 1692 5
115 1646 160 1692 132
178 1636 260 1682 mitem
276 1633 399 1681 hominem
415 1639 438 1682 et
452 1649 469 1681 a
484 1634 553 1681 caede
565 1633 777 1682 abhorrentem.

129 1751 148 1795 1.
160 1752 197 1796 22.
233 1745 374 1806 exereitus]
395 1743 503 1805 ‘vexed'
523 1746 667 1803 ‘troubled’
684 1746 716 1797 cl.
728 1762 765 1796 or.
777 1763 803 1811 p.
815 1747 871 1796 Mil.
882 1748 920 1810 55
936 1747 1001 1811 quid
1013 1749 1082 1799 nobis

81 1813 179 1871 driohns,
202 1811 297 1868 indices,
315 1811 477 1860 laboriosius?
491 1811 552 1875 qnid
570 1812 650 1874 nmgis
664 1812 803 1871 sollicitum,
822 1813 903 1876 mage}
918 1814 1080 1862 exercitum

81 1878 130 1926 dici
141 1876 246 1940 potest?,
262 1892 301 1940 ep.
318 1876 350 1923 ad
365 1875 418 1924 Att.
432 1887 453 1925 ιι
469 1891 505 1934 ιι,
521 1889 534 1922 a
550 1877 609 1924 scito
624 1876 757 1924 nihilium
773 1877 935 1925 exercitum
950 1891 997 1925 esse
1012 1893 1082 1926 nunc

81 1945 172 1991 Romae
195 1957 270 2005 qnam
286 1940 428 1988 candidatos
449 1940 562 1989 onanibus
581 1941 764 2005 iniquitatibus,
790 1941 854 1990 Hor.
878 1941 927 2005 Ep.
948 1953 966 1990 1.
986 1957 1022 2001 ιι,
1049 1942 1080 1992 ι8

80 2014 183 2054 strenua
194 2022 237 2055 nos
253 2011 363 2053 exercet
376 2005 476 2063 inertia,
488 2005 536 2054 Od.
548 2016 579 2053 tv
590 2019 628 2066 14,
641 2020 670 2053 21
684 2005 816 2053 indomitas
821 2013 898 2068 prope
907 2005 989 2069 qrcalis
999 2007 1081 2055 undas

78 2076 191 2119 exercet
214 2073 313 2130 Auster,
339 2069 391 2119 Cic.
413 2085 453 2135 ep.
475 2070 508 2118 ad
529 2070 589 2120 tam.
609 2081 688 2132 >1114
709 2085 778 2118 neeric
794 2086 833 2119 me
854 2070 971 2135 reliquiae
988 2077 1080 2120 nestrae

79 2141 220 2184 exercent.

125 2253 145 2299 1.
156 2255 193 2300 aa
229 2263 296 2301 onus
311 2251 440 2312 beneficti]
456 2265 497 2300 see
508 2266 532 2301 n
547 2257 574 2301 to
586 2251 599 2311 5
610 2262 638 2313 7²
650 2247 668 2300 l.
683 2265 720 2314 η,

125 2366 144 2411 1.
166 2368 204 2412 24.
238 2362 408 2423 concurrunt]
430 2362 462 2412 de
484 2363 527 2412 oli.
548 2364 590 2422 15
612 2377 641 2427 45
661 2379 725 2426 qnae
744 2368 774 2411 nt
788 2368 978 2412 concurrant
993 2361 1079 2412 omnia

76 2428 179 2492 optabile
193 2434 234 2486 est,
248 2429 280 2476 de
292 2427 336 2476 fin.
347 2440 366 2474 v
377 2428 391 2486 5
403 2430 434 2476 28
451 2444 490 2477 res
504 2427 570 2476 enim
588 2435 766 2477 concurrent
781 2429 927 2483 contrariae,
940 2429 972 2477 de
988 2429 1039 2478 div.
1053 2440 1075 2478 11

76 2494 90 2552 5
104 2508 146 2554 14¹
161 2493 215 2541 nisi
225 2493 273 2541 ista
283 2508 342 2540 casu
353 2508 551 2557 eeoeueumquam,
558 2493 635 2555 forta
647 2500 735 2541 tornare
743 2500 967 2542 concurrerent.

124 2609 143 2655 1.
155 2612 193 2655 2⁶.
226 2610 299 2656 inter
315 2606 397 2666 ipsos]
415 2611 547 2671 ‘amougst
559 2607 620 2656 each
634 2607 706 2656 other
715 2606 733 2666 ;’
750 2607 829 2656 inter
845 2605 928 2672 ipsos
943 2606 970 2656 in
987 2605 1077 2656 Cicero

76 2670 97 2719 is
113 2672 205 2733 always
222 2671 345 2735 preceded
363 2672 421 2733 hya
438 2687 501 2729 case,
516 2672 658 2735 dependent
675 2687 708 2720 on
725 2687 794 2721 some
809 2687 877 2721 noun
892 2671 975 2720 which
985 2672 1077 2720 admits

76 2736 118 2783 the
130 2735 217 2784 notion
229 2734 257 2783 ol
271 2734 468 2798 reciprocity,
483 2735 567 2783 Kenn.
579 2735 624 2784 Gr.
636 2751 661 2799 p.
673 2750 730 2800 495,
743 2736 775 2784 cl.
788 2735 820 2784 de
831 2735 872 2784 off.
888 2747 897 2782 1
913 2737 977 2798 551,
991 2750 1029 2797 ep.
1042 2737 1075 2784 ad

77 2801 131 2848 Att.
146 2811 167 2847 11
180 2811 193 2860 7
207 2800 219 2858 5
231 2815 245 2861 3
257 2814 310 2846 cena
320 2807 371 2861 spes
381 2805 416 2846 est
425 2798 516 2846 salute's
526 2799 630 2847 istorum
642 2799 723 2847 inter
738 2799 815 2862 ipsos
829 2799 952 2858 dissensio,
968 2798 1074 2861 Quintil.

75 2875 129 2912 νιιι
146 2862 169 2922 6,
193 2878 202 2911 ι
222 2862 404 2926 inexplicabilis
415 2862 590 2925 grammaticis
606 2863 688 2911 inter
706 2863 784 2926 ipsos
798 2869 822 2911 et
835 2863 976 2929 philosophi
984 2870 1076 2928 pugna

74 2936 113 2987 est,
128 2928 160 2976 de
171 2928 236 2990 legg.
250 2939 259 2975 1
271 2930 284 2986 5
299 2925 328 2976 16
339 2927 469 2975 hominum
480 2927 608 2976 naturalis
618 2929 714 2976 societas
726 2928 808 2977 inter
818 2928 906 2991 ipsos.

121 3043 215 3088 ιιι-ιιι
229 3043 315 3088 omnis
328 3051 421 3088 vemat
437 3037 596 3098 ns—vldari]
613 3037 660 3088 ie.
675 3046 705 3087 ht
722 3054 826 3087 verear
842 3054 878 3088 ne
896 3037 946 3088 vix
962 3040 1074 3104 possim

73 3112 176 3168 gratus
197 3103 295 3154 videri
314 3103 344 3152 iu
362 3104 477 3154 omnis:
494 3103 532 3153 lor
552 3104 594 3153 the
609 3106 683 3153 order
697 3104 726 3152 oi
740 3103 782 3152 the
800 3103 883 3153 words
897 3103 929 3153 cl.
947 3105 980 3153 de
995 3105 1073 3155 divin.

75 3182 95 3218 11
108 3171 121 3227 5
134 3171 165 3218 80
176 3184 238 3231 orcae
248 3174 282 3216 est
292 3166 374 3230 ige'tur
383 3175 485 3223 nmura.
495 3168 685 3232 quaenolncris
693 3168 742 3215 hnc
751 3174 776 3216 et
785 3168 845 3216 illuc
850 3168 948 3231 passim
956 3171 1074 3232 vagantis

72 3234 196 3297 efficiat
217 3240 247 3281 nt
268 3232 408 3295 significent
425 3233 528 3296 aliquid
547 3233 639 3294 (where
660 3233 757 3295 Kayser
779 3232 800 3281 is
820 3247 908 3296 wrong
925 3233 952 3281 in
971 3234 1075 3301 making

72 3298 179 3347 volueres
194 3296 236 3346 the
255 3296 337 3357 object
355 3297 384 3344 oi
396 3297 482 3359 efficiat
496 3298 559 3345 aller
575 3297 618 3346 the
634 3297 795 3346 well-known
818 3296 902 3346 Greek
921 3296 1018 3358 idioml‚
1040 3302 1073 3351 de

73 3363 114 3410 hu.
129 3365 173 3422 v5
188 3360 215 3410 16
226 3362 291 3426 qnod
301 3361 383 3421 (beate
399 3362 490 3424 vivere)
506 3363 644 3428 qnoniam
661 3361 689 3411 in
705 3376 753 3427 qno
768 3361 803 3411 sit
817 3377 911 3428 magna
925 3362 1073 3415 dissensio

72 3434 113 3477 est.
463 3440 465 3447 ¹
