2406 3788
159 190 194 246 18
410 188 456 246 M.
483 185 620 245 TVLLI
645 185 892 246 CICERONIS
970 181 1093 266 [XVIII
1109 204 1149 258 44

152 319 278 381 libenter
292 317 434 390 audirent,
450 335 506 376 nos
524 317 586 376 non
606 313 710 375 timide
730 315 943 377 confiteremur.
986 313 1048 376 noli
1069 313 1148 376 enim

152 424 263 490 putare,
289 411 464 484 Laterensis,
492 410 605 487 legibus
632 409 704 482 istis,
733 429 806 486 quas
833 421 952 470 senatus
976 410 1015 470 de
1034 410 1149 471 ambitu

152 509 257 569 sanciri
283 509 417 582 voluerit,
445 508 477 568 id
504 526 569 568 esse
596 518 704 583 actum,
731 516 765 567 ut
792 506 967 584 suffragatio,
993 518 1026 568 ut
1053 509 1150 569 obser-

150 603 257 679 vantia,
279 615 312 665 ut
334 604 427 681 gratia
447 605 615 664 tolleretur:
644 623 761 680 semper
783 606 899 665 suemnt
919 603 972 664 viri
993 604 1076 678 boni,
1098 604 1150 682 qui

98 697 136 753 45
152 702 232 777 apud
253 700 365 762 tribulis
390 721 459 762 suos
478 699 598 778 gratiosi
618 719 683 761 esse
703 702 819 762 vellent.
873 721 972 778 neque
993 721 1063 763 vero
1087 714 1149 761 tam
1177 733 1190 771 5

151 797 241 856 dums
255 796 287 856 in
299 799 418 874 plebem
432 809 533 858 noster
546 799 621 859 ordo
633 796 697 870 suit,
712 808 746 857 ut
760 818 825 858 eam
842 799 900 859 coli
918 811 1019 859 nostra
1032 798 1150 860 modica

152 894 324 955 liberalitate
338 894 473 968 noluerit,
486 914 583 971 neque
601 895 660 956 hoc
678 895 777 956 liberis
791 896 898 957 nostris
912 896 1148 957 interdicendum

152 1001 205 1062 est,
229 1011 268 1052 ne
296 993 452 1052 observent
479 990 593 1052 tn'bulis
615 1011 693 1066 suos,
718 1012 757 1053 ne
784 993 916 1069 diligant,
940 1013 980 1054 ne
1003 995 1150 1054 conficere

151 1086 321 1147 necessariis
342 1084 402 1146 suis
423 1105 506 1146 suam
526 1086 636 1147 tribum
656 1085 780 1164 possint,
796 1108 835 1148 ne
856 1107 909 1166 par
927 1091 966 1149 ab
986 1089 1027 1148 eis
1041 1108 1149 1148 munus

151 1184 182 1242 in
201 1202 254 1242 sua
274 1182 417 1259 petitione
438 1194 628 1260 exspectent:
655 1185 730 1245 haec
751 1184 830 1244 enim
854 1187 943 1262 plena
963 1195 1031 1246 sunt
1050 1184 1147 1256 officii,
1162 1222 1188 1248 ω

151 1281 240 1356 plena
254 1279 467 1353 observantiae,
481 1282 571 1357 plena
589 1280 679 1341 etiam
692 1281 883 1358 antiquitatis.
925 1281 983 1342 isto
997 1280 1029 1340 in
1041 1300 1148 1359 genere

151 1386 181 1436 et
204 1375 312 1436 suimus
336 1375 400 1452 ipsi,
424 1396 492 1437 cum
519 1376 689 1438 ambitionis
715 1390 834 1439 nostrae
856 1390 992 1456 tempora
1006 1379 1148 1455 vpostula·

151 1476 232 1548 bant,
249 1484 278 1534 et
299 1472 476 1534 clarissimos
495 1472 573 1534 viros
593 1493 658 1535 esse
678 1473 806 1536 vidimus
826 1486 856 1536 et
876 1474 966 1536 hodie
985 1494 1050 1536 esse
1068 1476 1149 1535 volu-

151 1588 217 1628 mus
226 1588 316 1644 quam
326 1567 467 1646 plurimos
480 1568 636 1646 gratiosos:
654 1569 814 1631 decuriatio
829 1570 985 1643 tribulium,
997 1570 1148 1648 discriptio

151 1665 262 1743 populi,
284 1665 421 1744 suffragia
440 1665 593 1744 largitione
615 1666 754 1726 devincta
775 1668 958 1729 severitatem
978 1681 1098 1730 senatus
1118 1681 1185 1738 et15

151 1764 298 1822 bonomm
319 1761 453 1821 omnium
467 1761 540 1821 iram
554 1781 590 1822 ac
604 1762 738 1823 dolorem
755 1763 926 1826 excitamnt
969 1765 1044 1826 haec
1062 1767 1146 1838 doce,

151 1859 225 1919 haec
245 1860 351 1936 profer,
366 1859 425 1919 huc
444 1859 591 1930 incumbe,
607 1859 784 1934 Laterensis,
798 1861 963 1922 decuriasse
984 1863 1148 1935 Plancium,

151 1954 366 2032 conscripsisse,
382 1967 563 2032 sequestrem
574 1955 672 2031 fuisse,
688 1957 902 2033 pronuntiasse,
918 1957 1064 2020 divisisse:
1084 1970 1148 2019 tum

151 2050 280 2111 mirabor
299 2062 329 2109 te
349 2049 390 2109 eis
404 2050 492 2110 armis
509 2051 560 2122 uti,
576 2070 654 2126 quae
674 2050 728 2111 tibi
744 2053 791 2111 lex
810 2052 907 2123 dabat,
922 2052 1060 2113 noluisse.
1102 2052 1149 2113 tri·

144 2145 268 2206 ‚bulibus
290 2144 370 2205 enim
397 2143 543 2204 iudicibus
566 2164 630 2204 non
656 2148 748 2206 modo
772 2145 955 2207 severitatem
976 2147 1102 2223 illorum,
1124 2151 1185 2213 si20

98 2245 136 2304 46
151 2241 208 2301 ista
223 2261 292 2302 vera
312 2252 389 2314 sunt,
406 2243 459 2301 sed
477 2260 516 2301 ne
530 2243 628 2301 voltus
646 2241 766 2319 quidem
784 2244 858 2302 serre
878 2262 1039 2319 possemus.
1072 2247 1149 2306 hanc

156 2338 188 2389 tu
208 2330 353 2390 rationem
372 2351 439 2390 curn
458 2332 565 2408 fugeris
584 2351 713 2408 cumque
732 2352 783 2394 eos
802 2332 914 2394 iudices
933 2335 1043 2395 habere
1062 2338 1147 2397 nolu·

156 2426 219 2499 eris,
236 2447 359 2504 quorum
374 2427 405 2488 in
426 2429 513 2488 huius
533 2429 643 2489 delicto
666 2449 736 2489 cum
757 2430 880 2491 scientia
900 2430 1063 2492 certissima
1084 2446 1146 2494 tum

153 2521 237 2580 dolor
255 2509 445 2596 gravissimus
466 2538 532 2579 esse
552 2516 696 2591 debuerit,
718 2519 790 2596 quid
812 2520 892 2597 apud
913 2521 968 2581 hos
989 2521 1079 2598 dices,
1099 2525 1149 2602 qui

152 2620 205 2679 abs
226 2629 255 2679 te
276 2616 357 2677 taciti
377 2616 527 2693 requimnt
548 2636 599 2676 cur
620 2615 676 2677 sibi
696 2618 755 2676 hoc
776 2616 873 2676 oneris
894 2617 1077 2695 imposueris,
1098 2642 1150 2682 cur
1162 2651 1186 2688 25

153 2735 186 2777 se
208 2714 394 2793 potissimum
416 2713 567 2791 delegeris,
588 2734 640 2773 cur
659 2713 790 2791 denique
810 2734 843 2774 se
862 2714 994 2777 divinare
1014 2716 1150 2778 malueris

154 2832 242 2890 quam
270 2832 330 2885 eos,
359 2810 411 2889 qui
439 2812 555 2885 scirent,
574 2797 736 2872 iudicare?
794 2813 871 2871 XIX
905 2832 961 2889 ego
988 2814 1148 2887 Plancium,

154 2911 329 2984 Laterensis,
344 2922 375 2971 et
394 2910 491 2988 ipsum
509 2909 671 2987 gratiosum
689 2928 755 2970 esse
773 2909 842 2970 dico
856 2921 885 2971 et
898 2910 1036 2971 habuisse
1053 2910 1084 2972 in
1102 2931 1151 2990 pe·

153 3008 258 3070 titione
272 3010 382 3069 multos
397 3007 521 3085 cupidos
535 3006 579 3068 sui
593 3005 735 3084 gratiosos
744 3027 833 3084 ;quos
847 3020 879 3068 tu
894 3007 919 3067 si
933 3008 1041 3070 sodalis
1051 3029 1149 3084 vocas,

152 3103 314 3164 officiosam
332 3103 491 3163 amicitiam
510 3100 632 3163 nomine
652 3101 789 3179 inquinas
810 3102 986 3165 criminoso:
1007 3104 1061 3177 sin,
1081 3104 1151 3182 quia
1163 3133 1188 3170 30

151 3199 272 3275 gratiosi
293 3200 360 3275 sint,
377 3200 560 3261 accusandos
581 3210 677 3277 putas,
693 3199 755 3260 noli
773 3200 869 3260 mimri
891 3213 921 3262 te
941 3201 981 3275 id,
998 3204 1081 3278 quod
1099 3214 1150 3262 tua

152 3294 279 3374 dignitas
303 3297 465 3374 postularit,
489 3297 681 3375 repudiandis
710 3298 903 3375 gratiosomm
929 3298 1065 3359 amicitiis
1088 3319 1150 3360 non

98 3393 137 3453 47
151 3405 216 3455 esse
237 3394 419 3454 adsecutum.
456 3414 532 3454 ⁴nam
550 3406 584 3455 ut
600 3395 767 3472 egodoceo
780 3394 939 3472 gratiosum
962 3415 1027 3456 esse
1045 3394 1075 3455 in
1097 3416 1151 3458 sua
