2406 3788
144 187 300 272 uxu93]
348 188 440 251 eno
465 190 531 251 cnr.
552 191 752 251 PLANCIO
775 189 945 251 ORATIO
1106 200 1142 264 '3⁷

142 341 213 380 narn
232 321 283 398 qui
299 340 353 397 pro
373 341 404 382 re
423 314 645 398 publica'vitam
663 319 929 380 ediderunt—licet
947 338 995 379 me
1010 316 1145 395 desipere
1175 319 1179 325 ’

142 418 297 491 dicatis-,
306 436 470 494 numquam
481 436 529 477 me
540 417 660 477 hercule
673 437 725 477 eos
739 428 866 478 mortem
877 414 975 495 potius
989 435 1080 492 quarn
1094 414 1146 472 im-

143 512 352 573 mortalitatem
366 514 524 573 adsecutos
539 511 649 590 putavi.
691 532 748 590 ego
761 532 832 573 vero
846 511 871 572 si
885 523 949 572 tum
963 511 1079 571 illorum
1093 509 1146 570 im·

141 610 259 686 piomm
271 611 348 669 ferro
362 628 398 668 ac
411 628 502 668 manu
516 608 722 680 concidissem,
734 607 765 667 in
779 619 955 685 perpetuum
965 627 1012 668 res
1025 606 1145 684 publica

117 746 128 783 5
142 706 228 768 civile
240 706 420 784 praesidium
434 705 536 766 salutis
556 725 627 766 suae
647 705 825 782 perdidisset
833 726 841 780 3
865 705 937 781 quin
954 705 1041 765 etiam
1056 704 1081 764 si
1094 724 1143 765 me

141 800 185 865 vis
199 805 297 881 aliqua
310 805 407 864 morbi
420 816 471 865 aut
479 816 584 865 natura
594 804 659 882 ipsa
672 803 913 881 consumpsisset,
925 813 1025 863 tamen
1036 802 1144 862 auxilia

141 901 321 977 posteritatis
345 913 444 962 essent
471 900 634 973 imminuta,
661 901 743 976 quod
767 909 954 976 peremptum
977 910 1055 958 esset
1075 915 1143 958 mea

141 1009 237 1058 morte
258 999 289 1058 id
310 1000 488 1074 exemplum,
504 997 599 1074 qualis
616 999 729 1056 futurus
750 996 781 1055 in
802 1015 851 1056 me
868 995 1024 1057 retinendo
1040 994 1143 1056 suisset

142 1107 261 1155 senatus
282 1097 471 1172 populusque
494 1096 659 1154 Romanus.
700 1112 739 1152 an
761 1093 785 1152 si
805 1112 948 1169 umquam
966 1093 1043 1152 vitae
1063 1092 1143 1170 cupi-

104 1230 129 1256 10
142 1193 217 1253 ditas
239 1193 271 1252 in
293 1213 341 1253 me
363 1194 473 1265 fuisset,
499 1212 555 1270 ego
577 1212 679 1252 mense
703 1190 863 1252 Decembri
887 1190 947 1252 mei
970 1192 1142 1252 consulatus

141 1289 274 1348 omnium
298 1288 510 1366 parricidarum
537 1290 598 1349 tela
624 1289 845 1349 commossem?
878 1307 964 1364 quae,
990 1287 1016 1347 si
1038 1286 1142 1366 viginti

140 1386 287 1462 quiessem
312 1386 385 1459 dies,
411 1385 442 1446 in
467 1386 591 1446 aliomm
617 1385 748 1463 vigiliam
775 1386 931 1444 consulum
958 1385 1139 1446 recidissent

137 1503 229 1558 ‘quam
252 1485 293 1542 ob
316 1502 379 1542 rem
401 1482 426 1541 si
446 1483 524 1548 vitae
546 1481 692 1559 cupiditas
716 1492 820 1542 contra
840 1501 903 1542 rem
924 1482 1075 1559 publicam
1096 1493 1140 1542 est

139 1578 241 1656 turpIS,
255 1591 336 1639 certe
354 1582 448 1638 multo
467 1579 569 1639 mortis
583 1578 730 1656 cupiditas
747 1598 814 1638 mea
827 1579 938 1656 turpior
951 1577 1053 1639 fuisset
1070 1599 1139 1638 cum

103 1718 126 1754 ,5
139 1677 268 1754 pemicie
282 1676 415 1736 civitatis.

208 1778 287 1834 Nam
303 1776 384 1850 quod
399 1785 429 1833 te
443 1793 507 1834 esse
522 1773 553 1833 in
566 1793 598 1834 re
612 1772 731 1851 publica
749 1773 874 1834 liberum
893 1792 925 1833 es
943 1772 1092 1850 gloriatus,
1108 1772 1139 1833 id
1154 1776 1191 1834 al

138 1891 194 1949 ego
215 1882 245 1931 et
266 1873 360 1930 Iateor
380 1881 410 1930 et
430 1872 524 1930 laetor
541 1882 571 1931 et
588 1870 642 1930 tibi
660 1870 750 1930 etiam
769 1868 800 1929 in
814 1871 872 1929 hoc
891 1871 1037 1946 gratulor:
1059 1870 1140 1946 quod

137 1988 186 2028 me
203 1978 303 2027 autern
322 1966 445 2044 negasti,
460 1965 491 2025 in
507 1986 544 2026 eo
558 1986 657 2043 neque
671 1978 700 2028 te
715 1985 812 2043 neque
831 1983 1011 2043 quemquam
1030 1964 1139 2028 diutius

137 2065 232 2142 patiar
251 2083 351 2125 errare.
410 2065 584 2124 XXXVIII
625 2063 740 2123 namsi
760 2062 826 2140 quis
846 2062 958 2123 idcirco
974 2063 1086 2140 aliquid
1100 2066 1139 2127 de

100 2199 125 2226 20
137 2163 270 2223 libertate
279 2181 347 2221 mea
354 2160 541 2221 deminutum
549 2171 641 2238 putat,
652 2161 734 2239 quod
745 2180 806 2221 non
816 2160 855 2221 ab
866 2160 1005 2221 omnibus
1016 2161 1137 2236 eisdem,

136 2281 155 2319 a
172 2260 279 2336 quibus
299 2270 388 2318 antea
409 2259 512 2318 solitus
533 2277 599 2318 sum
618 2257 781 2332 dissentire,
798 2257 978 2330 dissentiam,
1000 2257 1137 2336 primum,

137 2356 161 2415 si
175 2358 251 2417 bene
266 2357 305 2416 de
319 2375 368 2415 me
381 2355 492 2415 meritis
506 2366 622 2433 gratum
636 2374 684 2415 me
698 2355 836 2431 praebeo,
851 2375 913 2415 non
934 2355 1031 2416 debeo
1045 2355 1140 2415 incur·

136 2472 199 2515 rere
216 2452 247 2512 in
265 2452 377 2512 crimen
396 2451 524 2512 hominis
543 2450 669 2512 nimium
688 2451 827 2512 memoris
845 2451 1030 2528 nimiumque
1049 2452 1137 2530 grati:

136 2549 182 2608 sin
195 2561 295 2610 autem
309 2548 471 2624 aliquando
485 2548 549 2608 sine
557 2551 619 2608 ullo
627 2547 669 2609 rei
679 2549 814 2625 publicae
824 2548 1001 2609 detrimento
1012 2549 1138 2626 respicio

99 2681 124 2716 25
136 2646 225 2706 etiam
240 2649 364 2707 salutem
378 2666 446 2706 cum
460 2666 557 2705 meam
569 2658 632 2706 tum
646 2665 789 2720 meorum,
799 2657 879 2706 certe
892 2666 954 2706 non
969 2647 1061 2707 modo
1075 2667 1136 2707 non

136 2765 202 2805 sum
216 2746 486 2822 reprehendendus,
499 2746 552 2806 sed
568 2744 663 2821 etiam,
671 2744 696 2804 si
709 2764 792 2805 ruere
806 2745 922 2817 vellem,
938 2744 1010 2805 boni
1022 2744 1075 2803 viri
1088 2765 1138 2806 me

136 2856 169 2903 ut
187 2843 219 2903 id
236 2862 275 2903 ne
293 2845 420 2903 lacerem
440 2854 595 2919 rogarent;
626 2862 673 2902 res
693 2861 763 2902 vero
784 2841 849 2919 ipsa
867 2841 995 2918 publica,
1011 2840 1036 2900 si
1054 2843 1137 2919 loqui
1151 2843 1189 2901 92

135 2953 245 3020 posset,
266 2954 366 3019 ageret
386 2961 513 3016 mecum,
534 2953 575 3015 ut,
597 2941 740 3019 quoniam
760 2941 816 3002 sibi
836 2940 990 3000 servissem
1010 2959 1135 3017 semper,

136 3060 298 3117 numquam
320 3039 401 3112 mihi,
417 3042 528 3099 fructus
547 3051 648 3100 autem
667 3059 703 3100 err
724 3058 789 3100 sese
809 3057 879 3109 non,
894 3048 928 3097 ut
948 3038 1136 3115 oportuisset,

98 3169 123 3206 ³0
135 3144 229 3202 laetos
250 3152 280 3201 et
299 3139 413 3212 uberes,
431 3141 483 3199 sed
505 3158 613 3216 magna
632 3138 792 3199 acerbitate
812 3135 973 3215 permixtos
993 3137 1135 3215 tulissem,

135 3238 241 3300 utiam
256 3236 329 3297 mihi
348 3236 495 3309 servirem,
510 3238 696 3300 consulerem
716 3235 808 3297 meis:
829 3254 861 3294 se
880 3254 941 3295 non
959 3238 1052 3297 modo
1066 3238 1136 3299 satis

135 3339 243 3397 habere
257 3356 275 3396 a
288 3354 346 3408 me,
356 3335 410 3395 sed
423 3333 513 3394 etiam
526 3334 618 3396 vereri
629 3352 668 3395 ne
677 3353 782 3410 parum
793 3332 865 3392 mihi
873 3353 927 3410 pro
936 3354 981 3407 eo,
991 3348 1136 3412 quantum

134 3455 153 3496 a
167 3453 216 3496 me
229 3435 359 3508 haberer,
375 3431 559 3493 reddidisset
601 3431 691 3510 quid?
710 3430 736 3492 si
749 3432 858 3495 horum
869 3450 928 3507 eqo
939 3432 1024 3490 Μ
1031 3432 1185 3502 coquo&
