2406 3788
169 179 209 239 ss
462 139 553 239 oud
583 177 648 239 cu
670 178 871 239 prouoco
961 175 1038 260 [ΧΗ
1058 178 1171 254 §30-

169 299 373 362 ‘unrestrained,'
382 299 413 354 cf.
431 319 468 354 or.
483 319 508 368 p.
527 305 611 355 Scaur.
629 314 656 365 15
672 301 761 368 (Orelli
775 319 801 368 p.
816 314 847 352 1v
857 319 883 368 p.
895 303 943 366 958
955 303 995 353 ed.
1008 299 1034 368 a)
1053 302 1172 353 mminus

167 372 202 415 est
211 368 260 430 ipse
269 368 403 416 uoluntates
411 369 508 425 sunnin
519 385 566 432 quo
576 376 611 418 est
620 369 770 432 impunita
780 369 913 417 mentiendi
921 368 1028 417 luentia.
1057 368 1106 418 See
1114 369 1170 418 also

168 431 201 479 de
216 437 279 480 orat.
296 443 307 482 1
323 433 337 492 5
354 430 402 481 πό
416 439 499 481 tamen
514 449 589 482 suum
605 435 645 483 ius
659 442 733 498 atquc
747 434 861 482 omnium
877 448 963 481 rerum
987 432 1170 496 impunitam

167 495 299 545 lilertotem
310 503 390 546 tenere
397 497 486 546 debeat.

215 593 271 640 La
303 594 545 655 raptamessa1sc.
563 593 649 643 dicis.
684 596 822 644 nimrim
839 597 868 643 ‘a
879 609 942 658 poor
953 589 1062 650 actress‚’
1074 592 1171 653 (whose

168 656 305 769 ffiefflion
320 673 371 706 was
387 659 507 722 regarded
523 675 550 735 as
566 659 705 735 infensoris·
722 660 811 734 Mayor
828 660 885 724 Juv.
902 670 957 734 vin
977 659 1111 722 183—198,
1130 673 1169 707 or.

208 724 305 781 1.115
323 723 388 785 581.
408 723 455 786 19),
475 739 507 772 an
527 724 799 784 1ronrcald1m1nut1ve,
819 739 852 772 on
874 723 957 772 wh1ch
979 737 1021 773 see
1043 738 1069 772 n.
1085 737 1120 772 on
1135 723 1170 773 de

169 785 211 835 off.
226 787 312 848 1541,
328 799 350 836 11
362 788 375 847 5
387 787 426 850 56,
441 800 475 838 111
487 790 501 847 5
513 800 552 851 73,
564 789 577 847 5
590 789 628 854 89.

216 886 236 932 1.
248 888 271 932 t.
304 895 323 934 a
337 885 486 946 iuventute]
503 884 549 948 ‘by
564 900 579 934 a
592 885 661 950 body
675 884 705 933 of
717 879 825 948 youths,’
839 883 897 933 who
913 882 974 934 took
989 883 1129 948 advantage
1142 882 1174 933 of

168 948 212 997 the
227 948 320 998 licence
333 949 363 998 of
376 949 419 998 the
434 949 515 998 sceuic
528 965 628 1013 games3
645 948 676 999 cf.
688 950 742 998 Liv.
758 961 780 998 11
795 951 824 998 18
834 965 859 997 eo
869 965 937 998 anno
947 950 1047 1008 Romae,
1059 964 1116 997 cum
1125 955 1167 1011 per

169 1012 239 1061 ludos
248 1013 279 1061 ab
289 1014 440 1062 Sabinorum
454 1014 580 1063 iuuentute
591 1021 636 1076 per
648 1013 775 1063 lasamam
788 1020 866 1062 scorta
880 1019 1035 1076 raperentur,
1049 1027 1170 1061 cmtcursu

169 1076 298 1126 hominum
320 1078 379 1126 rixa
400 1093 429 1126 oe
449 1086 525 1140 prope
546 1078 668 1140 proelium
688 1078 753 1142 ficit.
796 1079 925 1128 ‘Ceterum
950 1077 1090 1127 iuventus
1110 1076 1170 1126 ista

170 1141 319 1204 oppidana
336 1143 386 1190 iam
397 1141 486 1190 veteris
501 1141 537 1190 rei
550 1142 665 1206 publicae
677 1150 790 1207 tempore
800 1157 845 1206 per
855 1141 952 1206 singula
965 1141 1169 1216 municipiacon·

170 1204 235 1268 legia
255 1205 354 1255 videtur
373 1205 537 1262 constituisse,
559 1221 623 1280 quae
641 1221 699 1256 suos
725 1212 850 1282 patronos,
878 1212 1009 1266 curatores,
1039 1211 1169 1280 magistros

170 1275 360 1333 quaestoresque
381 1269 513 1326 habebant,
529 1284 559 1318 ac
575 1270 663 1319 drebus
677 1271 745 1319 festis
764 1285 866 1333 operam
881 1271 1005 1320 navabant
1023 1270 1088 1319 ludis
1104 1270 1169 1318 cele-

169 1332 298 1445 miii„
310 1333 417 1447 ⁹Sagpkius
433 1334 559 1383 Iuvenes
576 1340 601 1382 et
618 1334 761 1384 Iuventus
779 1334 827 1384 hoc
844 1350 917 1384 sensu
934 1334 961 1384 in
977 1334 1102 1399 lapidibus
1117 1349 1170 1382 me·

217 1478 322 1540 Atinae]
338 1481 351 1540 5
366 1478 423 1544 191.
436 1493 475 1531 ar.

217 1580 272 1628 Η.
308 1579 376 1640 lure]
400 1577 554 1644 ‘privilege'
579 1580 711 1638 cronno
731 1579 751 1639 l(
771 1579 897 1639 urbano,
922 1572 1093 1642 ‘provinciaL’
1125 1576 1166 1627 Cf.

171 1642 240 1692 Brut.
255 1645 269 1702 5
288 1659 333 1706 a4a
352 1645 494 1708 oppidano
511 1646 615 1709 quodam
632 1652 656 1694 ct
669 1642 792 1693 incondito
806 1643 1006 1706 generedicendi,
1021 1643 1082 1692 Tac.
1100 1641 1168 1690 Ann.

170 1719 201 1756 vt
220 1721 246 1770 15
265 1709 362 1758 Vinicio
379 1709 657 1774 oppidanumgenus,
673 1721 724 1758 xlv
740 1721 767 1769 17
783 1708 931 1772 oppidana
944 1708 1048 1756 lasciuia
1063 1707 1169 1756 invicem

171 1772 312 1823 incessentes
315 1774 417 1838 probra.

218 1891 291 1950 501,
299 1894 318 1940 l.
326 1896 349 1943 't.
368 1893 515 1954 elocuntur]
527 1892 567 1942 i.e.
575 1893 675 1953 honeste,
682 1886 831 1955 ‘correctly,'
839 1888 1024 1954 ‘blamelesslyt
1034 1890 1074 1940 Cf.
1079 1888 1169 1940 desen.

171 1956 222 2016 513
234 1957 311 2019 quiete
320 1963 343 2005 et
347 1965 414 2020 pure
424 1964 497 2021 atque
506 1958 655 2021 eleganter
664 1964 730 2006 actae
740 1957 832 2017 aetatis,
844 1956 898 2004 Liv.
906 1972 972 2004 xxxv
979 1969 1018 2016 31,
1026 1971 1055 2018 14
1066 1971 1170 2018 magnac

171 2020 198 2067 ab
213 2020 362 2082 eleganter
378 2028 459 2070 actam
475 2022 554 2070 vitam
570 2021 732 2078 auctoritatis,
751 2022 820 2070 Brut.
835 2022 849 2079 5
865 2031 910 2084 295
927 2021 1027 2068 nemim
1043 2035 1088 2069 nos
1102 2019 1171 2082 capis

171 2085 264 2131 summi
274 2084 328 2132 uiri
335 2085 446 2148 vitaeque
455 2085 689 2148 elegantissimae
698 2085 833 2134 verissimis
842 2083 964 2141 laudibus,
976 2099 1015 2148 ep.
1028 2084 1060 2132 ad
1071 2084 1125 2133 Att.
1137 2095 1168 2132 vl

172 2148 238 2206 258
254 2148 300 2195 ain
314 2150 419 2207 tandmc,
437 2150 524 2208 Attice,
543 2150 660 2197 laudator
673 2148 824 2211 integritatis
837 2154 861 2197 et
876 2149 1039 2211 elegantiae
1055 2147 1169 2197 nostrae?

172 2211 232 2260 Tac.
251 2213 318 2260 Anu.
340 2223 390 2259 x1v
409 2227 437 2276 19
454 2212 552 2262 celebris
569 2213 717 2276 elegantia
736 2213 808 2269 uitae,
828 2213 871 2262 ie.
896 2213 948 2261 ‘for
965 2213 1007 2261 the
1024 2211 1170 2261 refinement

171 2274 202 2324 of
208 2275 247 2323 his
257 2272 318 2330 life‚’
329 2292 345 2323 v
357 2278 371 2325 8
382 2276 532 2340 Pomponius
546 2278 627 2325 multa
641 2293 739 2327 morum
753 2276 901 2341 elegantia
917 2283 940 2326 et
950 2276 1050 2340 ingenio
1060 2276 1165 2336 illustri,

172 2355 208 2388 or.
224 2355 249 2403 p.
263 2339 324 2389 Sull.
341 2341 354 2398 5
367 2352 396 2404 79
407 2341 454 2404 qui
466 2356 523 2389 cum
537 2357 637 2390 summa
654 2341 801 2405 elegantia
818 2349 891 2405 atque
903 2341 1043 2405 integritate
1058 2340 1165 2399 vixistis,

171 2405 254 2452 where
276 2404 355 2453 Halm
376 2406 422 2454 has
444 2405 487 2454 the
508 2405 636 2470 following
660 2405 831 2455 observationi
862 2405 941 2468 ‘Quid
962 2405 996 2455 sit
1017 2405 1169 2468 elegantia

171 2469 263 2527 vitae,
293 2468 395 2532 optime,
418 2469 514 2535 opinor,
538 2470 674 2534 intellegas,
699 2471 721 2520 si
742 2471 900 2535 reputaveris,
928 2485 992 2533 quae
1018 2469 1170 2534 elegantia

171 2531 291 2582 sermonis
308 2532 412 2581 dicatur.
448 2533 484 2583 Ut
503 2534 568 2583 enirn
586 2535 648 2584 haec
666 2535 693 2584 in
712 2550 774 2598 pura
790 2545 816 2583 et
834 2534 975 2599 incorrupta
993 2533 1169 2583 consuetudine

172 2598 279 2646 cernitur
297 2597 329 2657 (v.
344 2598 413 2646 Brut.
428 2597 442 2656 5
455 2596 520 2657 261),
539 2599 575 2647 sic
592 2599 742 2661 elegantia
754 2599 788 2648 ad
803 2598 879 2647 vitam
893 2599 1012 2648 translata
1027 2598 1059 2648 de
1074 2613 1104 2648 ea
1118 2599 1168 2646 vita

172 2662 270 2719 dicitur,
309 2677 356 2710 uae
377 2677 451 2710 omne
473 2664 540 2727 quod
562 2663 589 2712 in
610 2663 720 2713 moribus
742 2664 858 2712 vitiosum
880 2670 905 2712 et
926 2669 1069 2725 corruptum
1090 2660 1167 2711 videri

173 2727 258 2790 possit,
313 2727 358 2775 erit
377 2734 402 2776 et
419 2726 551 2791 diligenter
567 2737 660 2787 caveat,
681 2743 712 2778 ne
730 2743 849 2791 umquam
866 2727 899 2776 ab
914 2727 1020 2776 honesto
1036 2734 1062 2776 et
1078 2727 1169 2776 decom

172 2792 304 2843 descivisse
314 2788 444 2840 videatur!
477 2791 519 2840 Ou
533 2791 576 2841 the
591 2792 708 2855 meaning
723 2790 752 2842 of
767 2791 892 2841 traducere
910 2792 950 2841 ‘to
968 2788 1061 2854 spend'
1080 2788 1171 2866 ‘pass’

173 2855 204 2906 cf.
218 2857 291 2906 Tusc.
307 2868 340 2905 111
352 2858 365 2915 5
377 2867 406 2916 25
418 2855 532 2904 uolumus
542 2856 585 2904 hoc
595 2857 660 2920 quod
667 2857 752 2905 datcm
763 2862 797 2904 est
807 2855 874 2904 uitae
884 2856 1020 2919 tranquille
1029 2855 1171 2930 placideque

172 2922 336 2977 traducere,
351 2921 383 2970 de
398 2935 448 2971 sen.
464 2922 477 2978 5
489 2922 518 2969 82
534 2920 633 2969 otiosam
647 2927 746 2969 aetutem
759 2921 815 2969 sine
830 2920 881 2967 ullo
893 2920 973 2968 labore
985 2925 1009 2968 ct
1023 2925 1170 2969 contentione

171 2987 334 3046 traducere,
350 2986 414 3035 Hor.
429 2985 476 3049 Ep.
491 2997 510 3034 1.
525 2986 562 3044 18,
576 2997 608 3048 97
619 2986 770 3034 traducere
779 2985 867 3035 leniter
875 2999 974 3033 aeuum.

219 3080 470 3141 oum-reponatur]
495 3079 626 3143 ‘although
643 3081 685 3130 the
701 3086 741 3129 act
757 3079 818 3127 with
835 3077 917 3126 which
932 3077 965 3126 he
981 3076 1002 3127 is
1018 3075 1169 3141 reproached

171 3161 222 3194 was
240 3160 288 3194 one
305 3145 388 3195 which
405 3147 438 3195 he
454 3145 505 3197 had
520 3146 563 3195 the
580 3145 699 3208 privilege
716 3144 746 3193 of
761 3143 917 3206 committing
934 3141 1026 3201 (which
1042 3143 1074 3191 he
1090 3142 1170 3206 might

171 3209 235 3258 have
250 3209 396 3259 committed
409 3210 516 3262 without
530 3208 661 3259 infractiori
674 3209 704 3257 of
716 3208 757 3258 the
773 3207 840 3267 law),
855 3207 906 3256 still
921 3221 983 3256 even
996 3206 1050 3257 that
1061 3205 1082 3254 is
1092 3206 1168 3255 found

170 3280 201 3323 to
213 3273 245 3321 be
261 3272 349 3336 falsely
364 3272 416 3322 laid
433 3282 460 3325 to
477 3275 517 3328 his
536 3271 643 3336 charge!
677 3273 718 3324 On
733 3287 789 3321 acm
805 3271 945 3322 concessive
962 3285 1003 3318 see
1019 3269 1101 3318 Kenn.
1121 3270 1166 3319 Gr.

190 3336 257 3400 .480
272 3336 352 3399 5225,
368 3336 479 3401 Draeger
495 3340 555 3391 hist.
573 3335 645 3398 synt.
667 3349 688 3386 11
707 3353 733 3402 p.
747 3348 800 3398 743,
821 3335 907 3384 Madv.
925 3333 968 3383 Gr.
988 3334 1061 3396 5358
1075 3332 1121 3383 obs.
1144 3348 1168 3398 3,

169 3351 245 3466 ltoby
257 3398 300 3450 Gr.
313 3401 444 3465 1151730,
459 3417 485 3450 n.
497 3411 525 3456 to
535 3403 567 3452 de
578 3401 621 3450 off.
634 3404 731 3464 11535,
745 3402 809 3461 554.
