2406 3788
104 181 282 267 xv11144]
323 187 414 247 Pro
444 186 510 246 cnr
531 186 731 247 PLANCIO
760 184 928 246 ORATlo
1063 203 1095 258 17

104 315 190 386 dinis,
212 333 232 374 v
256 325 286 375 et
310 332 372 374 Lxx
395 334 461 375 reus
481 312 612 388 reiceret,
634 331 653 372 r
671 314 798 385 referret,
820 312 979 389 omniaque
999 313 1098 390 potius

104 411 345 489 pemriscuerunt,
371 430 460 488 quam
483 411 511 470 ei
533 410 590 488 legi
610 409 838 485 condicionique
861 424 1016 488 parerent:
1043 431 1099 472 nos

105 529 201 585 neque
222 529 259 568 ex
281 509 404 569 delectis
428 507 583 581 iudicibus,
608 510 662 568 sed
686 527 724 568 ex
748 508 830 567 omni
857 511 977 587 populo,
1002 531 1099 586 neque

105 605 201 664 editos
218 605 256 664 ad
275 603 464 677 reiciendum,
481 606 533 664 sed
552 606 591 664 ab
608 615 779 664 accusatore
795 605 970 666 constitutos
988 606 1100 666 iudices

80 702 147 762 sita
164 703 299 772 feremus,
315 713 347 762 ut
365 700 515 761 neminem
533 699 709 760 reiciamus?
749 721 847 778 neque
860 722 916 779 ego
934 723 1015 762 nunc
1030 702 1152 781 legista

105 796 290 873 imquitatem
304 817 418 874 queror,
433 800 487 859 sed
504 800 614 858 sactum
631 808 715 857 tuum
729 818 747 857 a
761 799 907 858 sententia
919 798 991 876 legis
1005 801 1101 860 doceo

106 895 287 970 discrepare:
307 906 337 956 et
355 895 428 955 illud
446 896 586 956 acerbum
606 893 749 954 iudicium
768 893 801 964 si,
816 914 905 971 quem
922 897 960 955 ad
979 899 1101 956 modum

107 1001 224 1050 senatus
245 991 360 1050 censuit
382 992 569 1068 populusque
592 989 683 1063 iussit,
705 989 746 1050 ita
772 989 899 1066 fecisses,
924 1003 957 1052 ut
980 992 1050 1052 huic
1073 1004 1102 1051 et

107 1105 191 1145 suam
214 1098 244 1146 et
265 1088 303 1145 ab
325 1088 383 1145 hoc
404 1089 574 1147 observatas
597 1085 690 1146 tribus
714 1087 825 1157 ederes,
846 1106 907 1146 non
928 1088 1021 1148 modo
1041 1108 1102 1149 non

72 1214 97 1240 ιο
109 1203 252 1260 quererer,
277 1184 332 1243 sed
355 1185 435 1243 hunc
456 1182 499 1243 eis
523 1182 669 1244 iudicibus
694 1182 790 1253 editis,
813 1183 865 1259 qui
891 1184 989 1245 eidem
1013 1196 1103 1246 testes

109 1301 173 1341 esse
191 1292 320 1357 possent,
335 1282 502 1341 absolutum
520 1292 669 1357 putarem:
692 1299 790 1357 neque
809 1300 890 1341 nunc
907 1282 1002 1340 multo
1018 1300 1104 1340 secus

108 1376 250 1437 existimo.
293 1395 362 1435 cum
376 1375 457 1436 enim
469 1378 523 1436 has
542 1375 635 1436 tribus
653 1375 779 1449 edidisti,
793 1376 901 1454 ignotis
914 1387 944 1437 te
956 1374 1104 1436 iudicibus

108 1473 150 1532 uti
165 1475 252 1534 malle
267 1494 355 1550 quam
370 1473 448 1534 notis
461 1471 640 1548 indicavisti,
654 1471 752 1549 fugisti
766 1473 941 1533 sententiam
955 1472 1042 1549 legis3
1060 1492 1105 1532 ae-

109 1569 251 1644 quitatem
271 1589 390 1630 omnem
409 1568 549 1642 reiecisti;
568 1567 599 1627 in
613 1568 742 1629 tenebris
756 1587 845 1644 quam
861 1568 890 1627 in
905 1570 971 1627 luce
985 1587 1105 1627 causam

75 1692 97 1726 ιε
112 1663 216 1724 versari
237 1663 372 1724 maluisti.
414 1663 548 1724 Voltinia
566 1663 660 1723 tribus
684 1664 801 1722 abhoc
822 1672 971 1738 corrupta,
996 1662 1106 1722 Tereti-
1119 1661 1157 1719 4³

110 1780 181 1818 nam
195 1761 337 1819 habuerat
350 1761 494 1820 venalem.
536 1758 609 1835 quid
624 1757 733 1818 diceret
751 1758 832 1834 apud
845 1756 1037 1817 Voltiniensis
1056 1769 1107 1817 aut

111 1859 193 1934 apud
217 1856 330 1916 tribulis
352 1875 421 1916 suos
445 1855 580 1917 iudices?
609 1854 703 1915 immo
725 1873 796 1915 vero
820 1865 852 1915 tu
876 1854 949 1931 quid
973 1855 1107 1916 diceres?

111 1972 200 2027 quem
220 1951 350 2012 iudicem
370 1971 407 2012 ex
424 1951 481 2011 illis
500 1963 550 2012 aut
569 1950 691 2011 tacitum
709 1961 816 2011 testem
830 1951 953 2010 haberes
973 1963 1024 2011 aut
1037 1970 1107 2011 vero

112 2048 201 2108 etiam
215 2045 373 2107 excitares?
411 2045 521 2106 etenim
535 2044 559 2105 si
573 2064 640 2105 reus
654 2044 746 2104 tribus
759 2045 868 2117 ederet,
878 2044 1040 2105 Voltiniam
1054 2047 1109 2106 ior·

74 2171 100 2197 20
113 2159 190 2204 tasse
211 2142 350 2202 Plancius
370 2155 489 2220 propter
505 2141 755 2202 necessitudinem
772 2163 808 2202 ac
820 2141 1008 2215 vicinitatem,
1024 2164 1107 2203 suam

112 2261 182 2301 vero
204 2253 283 2301 certe
304 2240 453 2300 edidisset
495 2251 534 2313 et,
549 2240 574 2300 si
588 2239 737 2317 quaesitor
754 2240 824 2300 huic
842 2240 976 2301 edendus
996 2240 1107 2312 suisset,

112 2357 202 2414 quem
216 2338 338 2397 tandem
352 2336 451 2413 potius
465 2355 555 2412 quam
568 2337 650 2396 huuc
663 2338 697 2396 C.
710 2337 829 2408 Allium,
845 2356 935 2413 quem
949 2338 1046 2411 habet,
1062 2338 1109 2398 cui

112 2435 282 2496 notissimus
296 2454 361 2495 esse
374 2435 474 2507 debet,
487 2433 628 2502 vicinum,
643 2433 787 2504 tribulem,
802 2433 1004 2511 gravissimum
1015 2437 1109 2495 homi-

113 2553 183 2593 nem
197 2532 446 2609 iustissimumque
464 2532 623 2592 edidisset?
642 2531 724 2592 cuius
738 2531 858 2608 quidem
876 2532 1008 2609 aequitas
1027 2543 1057 2592 et
1075 2553 1110 2592 ea

78 2654 101 2690 2⁵
114 2632 250 2690 voluntas
264 2649 333 2707 erga
347 2631 401 2690 Cn
419 2627 532 2689 Plancii
550 2631 684 2699 salutem,
699 2649 790 2705 quam
806 2629 856 2690 ille
872 2629 936 2690 sine
954 2632 1013 2689 ulla
1031 2630 1111 2707 eupi-

114 2725 213 2784 ditatis
241 2725 409 2801 suspicione
435 2744 507 2801 prae
531 2743 563 2784 se
583 2725 647 2794 sert,
672 2723 758 2784 facile
782 2726 912 2784 declarat
936 2743 997 2783 non
1021 2725 1111 2784 fuisse
1178 2714 1181 2719 ’

113 2820 270 2897 fugiendos
297 2821 411 2881 tribulis
435 2822 504 2880 huic
527 2820 649 2893 iudices,
674 2820 722 2879 cui
749 2820 947 2897 quaesitorem
974 2820 1110 2881 tribulem

114 2916 316 2992 exoptandum
347 2915 436 2975 fuisse
465 2915 600 2975 videatis.
655 2917 767 2975 XVIII
809 2932 907 2990 neque
942 2933 998 2990 ego
1032 2934 1111 2975 nunc
1125 2914 1165 2972 41

114 3009 270 3069 consilium
293 3010 477 3086 reprehendo
504 3023 597 3083 tuum,
619 3010 704 3084 quod
727 3029 777 3070 eas
799 3008 900 3080 tribus,
922 3009 1030 3085 quibus
1051 3026 1111 3071 erat

79 3107 163 3169 aohic
184 3105 311 3166 maxime
332 3119 429 3178 notus,
451 3125 512 3166 non
532 3105 669 3177 edideris,
685 3106 739 3165 sed
755 3126 773 3165 a
789 3117 819 3166 te
840 3105 936 3165 doceo
956 3106 1111 3167 consilium

114 3223 175 3264 non
196 3215 341 3264 servatum
358 3215 486 3265 senatus.
527 3203 638 3264 etenim
655 3202 722 3279 quis
735 3213 765 3264 te
779 3215 842 3263 tum
862 3201 978 3265 audiret
998 3202 1112 3265 illorum

114 3311 165 3358 aut
193 3298 266 3374 quid
293 3297 428 3358 diceres?
481 3309 702 3376 sequestremne
731 3297 907 3357 Plancium?
944 3312 1113 3375 respuerent

115 3415 207 3469 aures,
233 3414 323 3456 nemo
350 3408 530 3472 agnosceret,
553 3393 750 3472 repudiarent.
805 3413 845 3454 an
866 3394 1049 3471 gratiosum?
1072 3395 1113 3454 illi

204 3521 239 3571 n.
1030 3517 1076 3584 2,
