2406 3788
136 182 286 267 x11133]
334 185 425 248 prro
456 185 521 247 clu
548 187 749 248 PLANCIO
778 186 946 248 ornato
1099 207 1134 263 13
1187 214 1190 219 -

136 317 257 394 quidem
271 313 365 395 possit
374 335 541 394 agnoscere
571 315 738 378 bimaritum
752 318 894 394 appellas,
904 327 937 378 ut
946 319 1036 379 verba
1046 316 1135 378 etiarn

136 416 238 492 fingas,
249 434 312 474 non
323 415 419 475 solum
432 412 563 473 crimina
595 414 717 473 ductum
733 433 797 475 esse
808 416 846 483 ab
857 433 894 474 eo
908 412 939 472 in
953 414 1135 492 provinciam

136 511 267 589 aliquem
280 510 354 572 dicis
375 510 507 571 libidinis
524 531 622 584 causa,
637 514 719 588 quod
739 531 800 572 non
819 510 931 571 crimen
950 522 1003 583 est,
1018 512 1070 572 sed
1085 511 1137 570 im-

136 609 273 686 punitum
294 607 326 667 in
344 607 504 668 maledicto
522 607 719 669 mendacium.
760 619 875 684 raptam
889 627 954 668 esse
970 608 1137 667 mimulam:

112 705 219 781 ,quod
239 702 346 765 dicitur
366 702 474 766 Atinae
497 704 608 762 factum
627 723 647 762 a
667 703 817 764 iuventute
837 715 936 764 vetere
957 705 1086 780 quodam
1106 702 1136 761 in

138 798 298 860 scaenicos·
309 799 371 859 iure
390 796 578 876 maximeque
597 797 758 876 oppidano.
801 797 1065 858 oadulescentiam
1084 808 1137 856 tra·
1150 807 1187 865 31

138 896 260 956 ductam
279 897 441 972 eleganter!
461 894 510 954 cui
529 895 648 972 quidem
668 915 737 955 curn
756 896 839 972 quod
856 894 970 954 licuerit
984 893 1136 967 obiciatur,

138 1004 239 1053 tamen
263 993 296 1054 id
318 992 416 1070 ipsum
439 994 545 1052 falsum
567 992 734 1069 reperiatur.
779 991 917 1052 ‘emissus
938 991 1030 1068 aliqui
1048 1011 1138 1053 ecar-

138 1093 223 1151 cere.'
265 1101 295 1152 et
319 1090 440 1167 quidem
462 1089 586 1150 emissus
610 1110 663 1168 per
686 1089 924 1168 imprudentiam,
948 1088 1080 1160 emissus,
1104 1100 1138 1149 ut

101 1220 126 1246 10
138 1187 295 1271 cognostis,
310 1186 467 1248 necessarii
484 1187 613 1248 hominis
632 1187 797 1265 optimique
811 1186 1007 1249 adulescentis
1021 1198 1137 1264 rogatu:

138 1284 219 1346 idem
240 1296 345 1363 postea
363 1284 582 1362 praemandatis
601 1285 767 1363 requisitus.
809 1295 900 1360 atque
913 1287 988 1346 haec
1006 1304 1062 1346 nec
1078 1286 1140 1343 ulla

137 1382 196 1442 alia
209 1394 278 1442 sunt
291 1381 428 1443 coniecta
445 1381 605 1442 maledicta
622 1381 654 1440 in
673 1380 736 1442 eius
750 1380 850 1454 vitam,
866 1382 904 1442 de
923 1382 1006 1441 cuius
1020 1401 1073 1440 vos
1087 1400 1138 1456 pu-

137 1477 210 1536 dore
228 1474 372 1551 religione
393 1475 560 1552 integritate
581 1475 731 1535 dubitetis.
774 1478 857 1534 ΧΙΙΙ
883 1480 980 1552 ‘pater
996 1479 1077 1537 vero’
1097 1477 1137 1536 in·

139 1571 204 1648 quit
218 1573 321 1633 ‘etiam
335 1575 441 1632 obesse
454 1573 515 1632 filio
529 1570 637 1632 debet?
672 1592 691 1632 o
704 1591 810 1631 vocem
825 1572 928 1630 duram
942 1584 1032 1648 atque
1046 1574 1139 1650 indig-

101 1698 126 1735 ις
139 1688 208 1727 narn
233 1680 284 1728 tua
304 1668 458 1745 probitate,
482 1667 662 1729 Laterensis!
691 1679 774 1744 pater
794 1678 827 1726 ut
844 1667 875 1725 in
892 1668 1002 1727 iudicio
1024 1669 1137 1744 capitis,

138 1777 222 1842 pater
236 1776 269 1824 ut
282 1763 314 1824 in
327 1763 517 1825 dimicatione
530 1765 722 1837 fortunarum,
738 1773 824 1839 pater
836 1773 869 1821 ut
883 1765 964 1838 apud
982 1764 1048 1823 talis
1060 1764 1138 1824 viros

140 1864 245 1922 obesse
259 1861 320 1920 filio
334 1861 458 1921 debeat?
477 1858 528 1936 qui
542 1858 567 1919 si
580 1870 658 1919 esset
669 1857 862 1935 turpissimus,
875 1858 899 1916 si
910 1858 1137 1934 sordidissimus,

139 1969 240 2018 tamen
257 1958 324 2036 ipso
338 1957 460 2018 nomine
478 1957 573 2034 patrio
587 1959 697 2016 valeret
715 1956 795 2032 apud
814 1954 968 2015 clementis
982 1954 1095 2018 iudices
1109 1971 1139 2020 et

139 2055 336 2116 misericordis
342 2075 351 2128 ς
375 2057 493 2127 valeret,
514 2055 645 2132 inquam,
667 2052 819 2113 communi
843 2072 930 2112 sensu
954 2053 1087 2114 omnium
1110 2068 1139 2116 et

100 2186 125 2214 ω
140 2153 310 2214 dulcissima
328 2152 588 2214 commendatione
608 2163 738 2212 naturae.
781 2151 835 2211 sed
849 2171 916 2210 cunr
932 2151 967 2212 sit
983 2155 1036 2214 Cn.
1055 2157 1138 2213 Plan·
1153 2156 1190 2213 32

139 2250 202 2309 cius
221 2249 246 2309 is
267 2268 358 2326 eques
373 2252 536 2323 Romanus,
557 2268 593 2310 ea
612 2248 741 2324 primum
756 2258 903 2308 vetustate
924 2251 1067 2325 equestris
1088 2271 1139 2310 no-

140 2344 237 2418 minis,
252 2355 285 2404 ut
298 2356 391 2421 pater,
406 2356 439 2405 ut
459 2364 539 2419 avus,
555 2355 588 2404 ut
602 2343 728 2403 maiores
742 2341 804 2402 eius
822 2362 927 2404 omnes
949 2346 1064 2421 equites
1079 2349 1139 2407 Ro·

139 2439 219 2498 mani
239 2439 352 2512 suerint,
369 2458 517 2500 summum
535 2438 567 2497 in
588 2441 772 2515 praefectura
790 2440 996 2501 florentissima
1013 2443 1138 2516 gradum

139 2534 286 2595 tenuerint
299 2545 329 2595 et
343 2534 493 2612 dignitatis
508 2546 537 2595 et
551 2533 661 2611 gratiae
668 2555 676 2607 ;
690 2534 800 2595 deinde
814 2546 848 2594 ut
861 2536 962 2612 ipsein
974 2536 1138 2612 legionibus

102 2670 126 2708 ,5
140 2634 172 2690 P.
195 2631 293 2693 Crassi
319 2632 502 2710 imperatoris
529 2633 606 2692 inter
632 2634 835 2694 ornatissimos
858 2634 1003 2707 homines,
1025 2635 1138 2712 equites

139 2728 302 2798 Romanos,
318 2746 435 2787 summo
451 2730 608 2806 splendore
621 2728 724 2788 fuerit:
749 2740 783 2788 ut
796 2741 901 2807 postea
913 2729 1050 2806 princeps
1064 2730 1140 2790 inter

139 2841 209 2881 suos
232 2821 423 2898 plurimarum
450 2842 547 2883 rerum
572 2823 775 2884 sanctissimus
796 2836 825 2885 et
845 2824 1020 2884 iustissimus
1040 2824 1137 2896 iudex,

138 2917 331 2978 maximarum
345 2918 520 2978 societatum
534 2933 645 2995 auctor,
661 2921 852 2999 plurimarum
867 2920 1017 2997 magister,
1038 2920 1138 2980 sinon

138 3015 232 3075 modo
255 3014 286 3073 in
308 3034 345 3075 eo
365 3014 438 3074 nihil
458 3035 600 3091 umquam
620 3022 839 3096 reprehensum,
859 3019 913 3078 sed
931 3018 1051 3076 laudata
1071 3027 1139 3076 sunt

100 3147 126 3188 ,0
139 3109 248 3181 omnia,
260 3121 359 3170 tamen
373 3111 397 3170 is
412 3111 507 3172 oberit
521 3114 730 3175 honestissimo
743 3117 804 3175 filio
817 3126 908 3191 pater,
919 3112 970 3190 qui
979 3114 1026 3174 vel
1040 3112 1138 3173 minus

138 3206 297 3265 honestum
311 3217 341 3265 et
354 3206 484 3266 alienum
498 3207 575 3267 tueri
588 3208 635 3267 vel
649 3210 821 3268 auctoritate
836 3229 888 3268 sua
902 3212 949 3269 vel
962 3211 1055 3287 gratia
1071 3230 1137 3287 pos·

139 3299 199 3361 sit?
240 3301 393 3377 ‘asperius’
415 3301 510 3378 inquit
527 3305 657 3360 ‘locutus
678 3313 722 3361 est
741 3302 850 3379 aliquid
867 3304 1046 3381 aliquando!
1085 3306 1137 3366 im·
1152 3321 1190 3380 3³

138 3413 190 3456 mo
210 3397 333 3458 sortasse
353 3396 478 3457 liberius
533 3400 576 3456 ‘at
595 3395 627 3455 id
648 3396 757 3473 ipsum'
779 3397 874 3474 inquit
896 3403 970 3460 ‘non
983 3412 1029 3460 est
1042 3402 1136 3460 leren-
