2406 3788
120 191 157 265 36
378 189 425 248 M.
452 188 586 247 TVLLI
606 178 853 247 CICERONIS
905 181 1052 265 [xxxvi
1070 186 1107 258 87

119 345 269 386 servorum
297 325 423 385 ducibus
450 327 574 385 caedem
601 324 661 385 fieri
689 336 809 386 senatus
837 336 867 385 et
893 327 1041 385 bonorum
1067 321 1109 382 rei

65 430 103 489 88
118 423 256 501 publicae
270 421 423 482 exitiosum
438 421 551 483 fuisset.
591 423 680 483 Vinci
698 435 798 484 autem
816 421 969 500 improbos
987 420 1109 481 abonis

117 520 211 579 fateor
237 517 325 578 fuisse
352 521 544 596 praeclarum,
566 518 591 578 si
615 521 704 578 finem
729 531 793 580 tum
816 518 954 580 vincendi
977 517 1109 578 viderem

119 613 221 695 [quem
236 616 369 692 profecto
383 636 445 677 non
459 613 618 697 videbam}
663 617 715 677 ubi
728 617 808 677 enim
823 617 895 677 mihi
909 627 1026 694 praesto
1039 615 1109 674 fuis-

117 719 183 767 sent
210 720 261 768 aut
288 720 348 769 tam
377 710 466 768 fortes
494 709 640 781 consules
672 726 761 783 quam
790 711 822 766 L.
849 708 996 784 Opimius,
1025 728 1143 785 quam5

116 807 151 865 C.
168 805 289 876 Marius,
306 824 396 880 quam
411 807 444 864 L.
461 807 592 877 Flaccus,
610 801 717 880 quibus
732 803 857 864 ducibus
872 805 1023 881 improbos
1037 805 1116 866 cives

116 921 163 962 res
181 901 300 979 publica
313 900 383 961 vicit
403 901 531 972 armatis,
547 912 606 971 aut,
621 900 645 960 si
660 899 757 960 minus
773 902 871 974 fortes
887 914 917 962 at
935 914 1036 963 tamen
1055 915 1116 963 tam

116 995 192 1072 iusti,
216 1017 304 1074 quam
329 999 361 1056 P.
383 996 511 1071 Mucius,
529 998 580 1073 qui
602 1016 693 1069 arma,
712 1016 788 1072 quae
811 999 942 1076 privatus
965 1003 997 1060 P.
1018 999 1116 1078 Scipio

116 1106 243 1171 ceperat,
259 1114 294 1154 ea
307 1093 354 1152 Ti.
370 1095 507 1154 Graccho
520 1092 699 1170 interempto
713 1092 775 1154 iure
789 1095 903 1172 optimo
919 1107 1038 1172 sumpta
1052 1117 1116 1156 esse

116 1189 269 1251 defendit?
309 1202 386 1250 esset
406 1189 493 1267 igitur
516 1193 711 1268 pugnandum
734 1209 804 1250 cum
826 1193 1005 1252 consulibus.
1043 1192 1114 1253 nihil
1132 1226 1155 1251 ιο

116 1286 185 1347 dico
199 1287 334 1362 amplius,
350 1286 407 1346 nisi
420 1287 513 1361 iliud;
533 1287 672 1349 victoriae
686 1300 803 1349 nostrae
822 1289 916 1365 gravis
936 1290 1116 1351 adversarios

63 1389 101 1448 89
116 1395 242 1462 paratos,
265 1383 399 1444 interitus
422 1386 518 1445 nullos
542 1405 607 1446 esse
631 1388 742 1447 ultores
761 1386 908 1445 videbam.
958 1386 1039 1445 hisce
1060 1405 1116 1464 ego

116 1481 231 1542 auxiliis
253 1483 355 1543 salutis
376 1503 461 1542 meae
482 1483 506 1542 si
526 1482 637 1543 idcirco
659 1483 748 1554 defui,
773 1483 844 1560 quia
864 1481 945 1543 nolui
966 1483 1114 1555 dimicare,

115 1580 237 1652 fatebor,
253 1577 284 1638 id
298 1579 448 1657 quodvis,
462 1599 524 1639 non
545 1578 618 1638 mihi
636 1580 786 1650 auxilium,
802 1581 857 1640 sed
875 1599 924 1639 me
943 1579 1051 1638 auxilio
1066 1580 1117 1638 de-

114 1675 218 1737 fuisse:
239 1676 285 1736 sin
299 1688 407 1749 autem,
418 1696 480 1753 quo
494 1676 606 1736 maiora
619 1675 718 1737 studia
731 1676 762 1735 in
772 1696 821 1738 me
829 1678 974 1737 bonorum
989 1677 1114 1748 fuerunt,
1133 1713 1155 1748 ις

114 1773 173 1834 hoc
183 1772 226 1833 eis
240 1773 333 1851 magis
348 1776 564 1835 consulendum
579 1786 609 1835 et
623 1777 805 1852 parcendum
816 1773 924 1852 putavi,
934 1785 966 1834 tu
977 1773 1008 1834 id
1022 1773 1053 1833 in
1067 1793 1115 1834 me

115 1868 314 1945 reprehendis
330 1869 413 1945 quod
434 1871 468 1944 Q.
489 1871 614 1928 Metello
633 1868 714 1928 laudi
733 1870 835 1929 datum
850 1880 894 1928 est
908 1868 1057 1945 hodieque
1071 1879 1116 1927 est

77 2006 80 2010 Δ
115 1974 146 2023 et
166 1982 283 2040 semper
303 1963 357 2024 erit
374 1963 521 2025 maximae
541 1965 673 2040 gloriae?
694 1984 792 2041 quem,
807 1977 841 2023 ut
861 1977 946 2041 potes
966 1984 1002 2024 ex
1015 1963 1116 2023 multis

114 2059 224 2134 audire,
247 2060 298 2137 qui
323 2071 384 2120 tum
409 2062 574 2133 adfuerunt,
596 2071 715 2121 constat
737 2059 917 2120 invitissimis
938 2059 1006 2118 viris
1028 2057 1115 2118 bonis

113 2157 244 2227 cessisse,
254 2157 407 2217 necfuisse
419 2157 545 2217 dubium
560 2157 632 2232 quin
644 2157 835 2217 contentione
846 2166 876 2214 et
886 2154 974 2215 annis
985 2154 1116 2229 superior
1131 2180 1155 2206 20

113 2265 214 2331 posset
231 2275 303 2315 esse.
347 2272 418 2332 ergo
434 2253 484 2314 ille
498 2273 567 2312 cum
586 2272 681 2325 suum,
697 2272 759 2312 non
779 2272 848 2310 cum
868 2263 987 2311 senatus
1003 2253 1114 2310 factum

113 2351 294 2422 defenderet,
306 2370 376 2409 cum
390 2349 638 2427 perseverantiam
650 2349 813 2409 sententiae
828 2368 906 2422 suae,
917 2368 978 2408 non
990 2350 1114 2408 salutem

112 2445 154 2504 rei
174 2445 311 2522 publicae
331 2444 506 2518 retinuisset,
521 2456 621 2505 tamen
636 2445 676 2505 ob
693 2444 773 2504 illam
796 2467 922 2518 causam,
940 2445 1021 2521 quod
1040 2444 1113 2503 illud

112 2540 309 2600 voluntarium
323 2543 429 2601 vulnus
444 2541 566 2619 accepit,
585 2541 759 2601 iustissimos
774 2540 909 2601 omnium
924 2543 1113 2602 Metellorum

112 2648 143 2697 et
157 2636 333 2699 clarissimos
352 2638 517 2716 triumphos
535 2640 628 2717 gloria
647 2650 677 2700 et
698 2641 787 2700 laude
807 2641 962 2716 superavit,
980 2643 1062 2716 quod
1084 2654 1114 2703 et
1130 2670 1154 2706 2⁵

113 2735 179 2796 illos
203 2735 285 2813 ipsos
309 2735 543 2813 improbissimos
565 2736 638 2796 civis
662 2735 785 2796 interfici
809 2735 911 2810 noluit,
934 2749 964 2797 et
985 2758 1024 2798 ne
1048 2740 1114 2814 quis

110 2833 209 2893 bonus
224 2833 354 2894 interiret
368 2832 399 2892 in
413 2835 518 2893 eadem
532 2835 624 2894 caede
639 2832 784 2910 providit:
804 2851 860 2911 ego
874 2833 962 2893 tantis
976 2834 1113 2911 periculis

33 2932 37 2938 '
112 2929 270 3007 propositis
292 2949 369 3003 cum,
394 2929 418 2988 si
441 2928 535 2988 victus
562 2948 668 3000 essem,
693 2927 827 2989 interitus
851 2928 894 2989 rei
917 2929 1062 3006 publicae,
1088 2931 1113 2990 si

109 3026 255 3102 vicissem,
271 3027 386 3088 infinita
400 3026 551 3087 dimicatio
565 3038 723 3104 pararetur,
741 3026 958 3087 committerem
978 3039 1011 3088 ut
1031 3027 1112 3088 idem

109 3125 242 3199 perditor
275 3125 317 3185 rei
351 3125 490 3203 publicae
517 3125 691 3198 nominarer,
721 3125 774 3202 qui
808 3137 937 3185 servator
970 3125 1112 3185 fuissem?
1126 3154 1151 3190 30

56 3221 94 3281 90
110 3223 264 3281 XXXVII
305 3235 431 3282 mortem
459 3242 507 3282 me
535 3222 667 3282 timuisse
689 3223 771 3283 dicis.
816 3242 873 3299 ego
896 3242 966 3282 vero
994 3242 1033 3282 ne
1060 3221 1112 3281 im·

110 3316 319 3376 mortalitatem
348 3319 470 3394 quidem
499 3331 603 3378 contra
633 3338 695 3378 rem
727 3319 876 3397 publicam
905 3317 1111 3395 accipiendam

104 3422 252 3487 putarem,
275 3413 386 3472 nedum
409 3413 501 3473 emori
526 3433 594 3474 cum
619 3414 750 3492 pernicie
773 3415 816 3476 rei
836 3415 973 3492 publicae
993 3415 1109 3480 vellem.
