2406 3788
145 192 180 231 ω
396 171 441 229 rr
470 170 605 229 rrrrr
629 169 873 230 crcnnoms
927 176 929 179 ’
978 162 1136 246 [xx1153

142 300 395 362 Plancius?'—an
409 319 469 360 una
482 299 545 363 fieri
562 310 732 377 potuerunt,
751 298 777 359 si
793 318 853 359 una
866 298 959 359 tribus
977 318 1040 359 non
1058 295 1137 357 tulis·

141 408 206 459 sent
214 401 313 458 i-‘at
326 416 389 458 non
403 399 499 458 nullas
513 397 630 474 punctis
643 417 739 475 paene
752 397 895 458 totidem!
931 395 1050 473 quippe,
1065 413 1135 455 cum
1199 430 1200 434 =

140 493 199 553 iam
217 491 286 553 facti
302 512 394 570 prope
411 493 607 570 superioribus
622 491 748 554 comitiis
762 491 962 569 declaratique
975 489 1134 552 venissent.

140 605 320 666 quamquam
344 607 383 648 ne
403 587 434 649 id
458 588 580 666 quidem
604 588 802 666 suspicionem
823 588 960 649 coitionis
980 587 1134 649 habuerit:

140 703 237 761 neque
256 683 335 745 enim
349 704 492 763 umquam
511 685 637 747 maiores
656 685 749 746 nostri
766 685 951 747 sortitionem
969 684 1132 746 constituis·
1160 714 1172 754 ς

138 789 204 840 sent
217 776 392 854 aediliciam,
407 780 464 840 nisi
476 780 611 842 viderent
623 779 758 842 accidere
776 801 865 858 posse
878 793 911 841 ut
925 780 1134 858 competitores

86 890 124 947 54
138 896 222 953 pares
243 875 384 956 suffragiis
405 888 513 938 essent.
555 888 586 938 et
604 876 647 937 ais
664 877 809 954 prioribus
830 877 956 938 comitiis
970 877 1132 939 Aniensem

137 993 155 1032 a
177 973 274 1035 Plotio
295 973 398 1044 Pedio,
416 973 587 1035 Teretinam
608 994 626 1035 a
645 974 768 1035 Plancio
786 974 840 1035 tibi
858 994 923 1036 esse
943 993 1129 1036 concessam:
1180 1003 1185 1012 ·

137 1089 216 1130 nune
230 1073 269 1130 ab
283 1082 409 1150 utroque
420 1087 470 1130 eas
481 1072 605 1146 avolsas,
622 1090 660 1132 ne
670 1071 702 1131 in
712 1084 870 1150 angustum
877 1069 1018 1132 venirent
1041 1090 1132 1148 quam

136 1167 275 1228 convenit
285 1169 420 1228 nondum
431 1166 549 1244 cognita
559 1168 662 1245 populi
669 1169 820 1242 voluntate
831 1170 895 1241 hos,
905 1187 987 1245 quos
994 1167 1053 1227 iam
1068 1180 1131 1230 tum
1145 1197 1170 1225 ιο

135 1263 312 1327 coniunctos
331 1263 422 1324 fuisse
442 1264 524 1337 dicis,
543 1263 688 1325 iacturam
708 1285 827 1326 suarum
846 1265 985 1339 tribuum,
1001 1285 1064 1358 Q
1077 1288 1131 1329 vos

135 1359 355 1435 adiuvaremini‚
370 1359 492 1422 fecisse:
512 1359 643 1435 eosdem,
660 1381 729 1422 cum
742 1362 801 1422 iam
816 1373 915 1423 essent
932 1362 1044 1440 experti
1058 1363 1131 1440 quid

135 1460 273 1531 valerent,
295 1458 444 1520 restrictos
468 1470 498 1520 et
522 1455 635 1519 tenacIs
659 1459 770 1521 fuisse?
808 1459 918 1521 etenim
944 1463 1129 1536 verebantur,

134 1555 232 1626 credo,
260 1553 429 1632 angustias3
457 1555 542 1633 quasi
569 1575 615 1616 res
643 1554 675 1616 in
696 1555 921 1616 contentionem
945 1555 1050 1616 autin
1073 1557 1130 1617 dis-

133 1649 245 1711 crimen
267 1651 389 1729 aliquod
408 1664 510 1731 posset
530 1651 639 1713 venire.
682 1647 735 1714 sed
756 1665 857 1714 tamen
879 1663 912 1714 tu
936 1656 970 1712 A.
988 1652 1126 1727 Plotium,
1142 1678 1167 1717 rs

132 1746 226 1807 virum
248 1747 474 1823 ornatissimum,
490 1748 521 1809 in
541 1748 623 1810 idem
643 1748 754 1810 crimen
766 1751 905 1810 vocando
924 1748 1039 1810 indicas
1059 1771 1128 1812 eum

132 1855 162 1902 te
176 1842 347 1921 adripuisse,
362 1864 381 1905 a
394 1864 456 1922 quo
470 1865 532 1906 non
546 1845 585 1905 sis
598 1849 740 1922 rogatus?
780 1861 849 1905 nam
862 1844 947 1921 quod
960 1855 1082 1920 questus
1096 1863 1127 1905 es

132 1938 222 2014 pluris
243 1951 273 2000 te
293 1941 377 2001 testis
397 1942 505 2002 habere
526 1943 565 2001 de
585 1941 720 2003 Voltinia
739 1961 829 2019 quam
850 1950 923 2016 quot
942 1940 974 2000 in
994 1960 1031 2001 ea
1050 1941 1127 2002 tribu

131 2046 242 2110 puncta
255 2034 364 2108 tuleris,
379 2034 493 2096 indicas
508 2049 559 2097 aut
577 2057 629 2097 eos
646 2036 730 2098 ,testis
749 2048 779 2097 te
797 2040 967 2114 producere,
981 2040 1042 2116 qui,
1058 2041 1127 2118 quia

131 2149 268 2191 nummos
289 2130 464 2208 acceperint,
478 2141 509 2191 te
526 2131 735 2208 praeterierint,
750 2146 801 2194 aut
820 2145 849 2194 te
867 2153 906 2193 ne
921 2133 1048 2212 gratuita
1060 2136 1125 2213 qui·
1138 2168 1164 2196 ω

80 2225 116 2284 st
131 2225 200 2285 dem
222 2243 325 2285 eorum
346 2223 483 2302 suffragia
506 2225 616 2286 tulisse.
672 2228 783 2287 XXIII
824 2227 898 2289 illud
924 2248 994 2290 vero
1015 2230 1126 2292 crimen

130 2321 170 2381 de
183 2321 321 2396 nummis,
334 2340 409 2398 quos
423 2321 454 2381 in
471 2321 550 2383 circo
564 2320 711 2384 Flaminio
722 2326 924 2401 deprehensos
938 2345 1003 2387 esse
1017 2325 1124 2402 dixisti,

129 2417 220 2501 caluit
233 2438 264 2480 re
277 2418 398 2486 recenti,
412 2438 491 2479 nune
504 2418 537 2478 in
555 2439 644 2480 causa
661 2419 787 2481 refrixit:
808 2441 905 2498 neque
922 2423 1002 2484 enim
1020 2423 1071 2502 qui
1084 2424 1125 2486 illi

130 2513 245 2574 nummi
267 2514 373 2575 suerint
396 2534 453 2576 nec
475 2535 553 2592 quae
577 2516 670 2577 tribus
692 2535 748 2576 nec
769 2515 820 2594 qui
847 2517 957 2578 diuisor
983 2519 1123 2582 ostendis.

129 2624 219 2689 atque
242 2609 267 2672 is
289 2610 410 2689 quidem
434 2612 559 2672 eductus
579 2614 618 2673 ad
638 2615 783 2686 consules,
806 2613 857 2690 qui
877 2625 940 2674 tum
960 2616 990 2676 in
1013 2616 1124 2678 crimen
1136 2644 1160 2685 ας

127 2709 298 2782 vocabatur,
323 2728 355 2769 se
376 2707 477 2787 inique
504 2729 523 2769 a
549 2709 607 2769 tuis
630 2708 770 2770 iactatum
792 2711 916 2787 graviter
937 2717 1122 2788 querebatur.

129 2803 179 2880 qui
199 2804 224 2865 si
242 2815 304 2866 erat
318 2802 436 2878 divisor,
450 2804 622 2882 praesertim
640 2804 711 2878 eius,
727 2826 816 2883 quem
835 2818 867 2868 tu
885 2808 1017 2870 habebas
1030 2829 1122 2883 reum,

128 2921 180 2961 cur
199 2904 253 2963 abs
273 2914 304 2963 te
324 2921 390 2964 reus
411 2920 472 2962 non
493 2914 539 2962 est
559 2903 676 2963 sactus?
696 2921 747 2962 cur
766 2921 829 2963 non
849 2903 910 2963 cius
930 2905 1122 2969 damnatione

128 2995 240 3072 aliquid
254 2998 293 3057 ad
308 2999 368 3059 boc
379 2995 519 3059 iudicium
534 2994 705 3074 praeiudicii
720 2997 921 3075 comparasti?
956 3001 1010 3060 sed
1024 3020 1121 3077 neque
1190 2984 1193 2992 ¹

129 3103 160 3149 tu
174 3093 248 3153 haec
261 3096 352 3155 habes
367 3113 465 3170 neque
478 3093 520 3155 eis
535 3093 678 3154 confidis:
698 3093 756 3155 alia
768 3105 799 3155 te
811 3094 895 3170 ratio,
910 3094 967 3156 alia
981 3096 1120 3176 cogitatio
1134 3119 1159 3156 ³0

128 3187 167 3245 ad
190 3205 274 3264 spem
296 3188 381 3249 huius
403 3187 592 3267 opprimendi
613 3188 759 3250 excitavit.
801 3209 927 3267 magnae
951 3191 1070 3253 suntin
1091 3202 1121 3252 te

128 3297 218 3356 opes;
239 3284 298 3344 late
312 3296 394 3360 patet
407 3283 517 3361 gratia:
538 3285 624 3344 multi
638 3283 734 3358 amici,
749 3284 833 3347 multi
852 3285 954 3362 cupidi
967 3286 1020 3360 tui,
1036 3288 1120 3346 multi

56 3459 60 3466 ⁸
127 3379 254 3436 lautores
264 3376 359 3437 laudis
368 3389 450 3451 tuae3
467 3378 553 3438 multi
566 3378 635 3438 huic
649 3378 782 3441 invident
787 3403 797 3456 3
810 3379 908 3440 multis
923 3381 1011 3441 etiam
1022 3390 1120 3460 pater,
