<?xml version="1.0" encoding="UTF-8"?>
<!DOCTYPE html PUBLIC "-//W3C//DTD XHTML 1.0 Transitional//EN"
    "http://www.w3.org/TR/xhtml1/DTD/xhtml1-transitional.dtd">
<html xmlns="http://www.w3.org/1999/xhtml" xml:lang="en" lang="en">
 <head>
  <title>
</title>
<meta http-equiv="Content-Type" content="text/html;charset=utf-8" />
  <meta name='ocr-system' content='tesseract 3.04.00' />
  <meta name='ocr-capabilities' content='ocr_page ocr_carea ocr_par ocr_line ocrx_word'/>
</head>
<body>
  <div class='ocr_page' id='page_1' title='image "./mtvlliciceronis01holdgoog/mtvlliciceronis01holdgoog_0097.png"; bbox 0 0 2406 3788; ppageno 0'>
   <div class='ocr_carea' id='block_1_1' title="bbox 152 169 1148 254">
    <p class='ocr_par' dir='ltr' id='par_1_1' title="bbox 152 169 1148 254">
     <span class='ocr_line' id='line_1_1' title="bbox 152 169 1148 254; baseline -0.002 -20"><span class='ocrx_word' id='word_1_1' title='bbox 152 176 189 234; x_wconf 86' lang='lat'>28</span> <span class='ocrx_word' id='word_1_2' title='bbox 404 176 451 234; x_wconf 75' lang='lat' dir='ltr'><em>M</em></span> <span class='ocrx_word' id='word_1_3' title='bbox 478 175 615 235; x_wconf 83' lang='lat' dir='ltr'><em>TVLLI</em></span> <span class='ocrx_word' id='word_1_4' title='bbox 639 174 886 236; x_wconf 88' lang='lat' dir='ltr'><em>CICERONIS</em></span> <span class='ocrx_word' id='word_1_5' title='bbox 938 169 1093 254; x_wconf 88' lang='lat' dir='ltr'>[XXVIII</span> <span class='ocrx_word' id='word_1_6' title='bbox 1109 176 1148 232; x_wconf 87' lang='lat'>68</span> 
     </span>
    </p>
   </div>
   <div class='ocr_carea' id='block_1_2' title="bbox 100 301 1187 969">
    <p class='ocr_par' dir='ltr' id='par_1_2' title="bbox 100 301 1187 969">
     <span class='ocr_line' id='line_1_2' title="bbox 100 301 1148 381; baseline 0.004 -21"><span class='ocrx_word' id='word_1_7' title='bbox 100 302 138 360; x_wconf 85' lang='grc'>68</span> <span class='ocrx_word' id='word_1_8' title='bbox 211 305 353 364; x_wconf 89' lang='lat' dir='ltr'>XXVIII</span> <span class='ocrx_word' id='word_1_9' title='bbox 394 305 473 363; x_wconf 91' lang='lat' dir='ltr'>Nam</span> <span class='ocrx_word' id='word_1_10' title='bbox 494 305 577 380; x_wconf 90' lang='lat' dir='ltr'>quod</span> <span class='ocrx_word' id='word_1_11' title='bbox 597 301 649 375; x_wconf 79' lang='lat' dir='ltr'>aiS,</span> <span class='ocrx_word' id='word_1_12' title='bbox 672 302 766 375; x_wconf 89' lang='lat' dir='ltr'>Cassi,</span> <span class='ocrx_word' id='word_1_13' title='bbox 788 323 850 363; x_wconf 90' lang='lat' dir='ltr'>non</span> <span class='ocrx_word' id='word_1_14' title='bbox 870 305 936 381; x_wconf 92' lang='lat' dir='ltr'>plus</span> <span class='ocrx_word' id='word_1_15' title='bbox 957 307 1005 365; x_wconf 88' lang='lat' dir='ltr'>me</span> <span class='ocrx_word' id='word_1_16' title='bbox 1026 305 1148 364; x_wconf 85' lang='lat' dir='ltr'>Plancio</span> 
     </span>
     <span class='ocr_line' id='line_1_3' title="bbox 150 400 1150 479; baseline 0.002 -18"><span class='ocrx_word' id='word_1_17' title='bbox 150 401 259 462; x_wconf 91' lang='lat' dir='ltr'>debere</span> <span class='ocrx_word' id='word_1_18' title='bbox 272 420 362 478; x_wconf 90' lang='lat' dir='ltr'>quam</span> <span class='ocrx_word' id='word_1_19' title='bbox 376 400 465 461; x_wconf 93' lang='lat' dir='ltr'>bonis</span> <span class='ocrx_word' id='word_1_20' title='bbox 480 401 628 473; x_wconf 92' lang='lat' dir='ltr'>omnibus,</span> <span class='ocrx_word' id='word_1_21' title='bbox 643 401 725 478; x_wconf 91' lang='lat' dir='ltr'>quod</span> <span class='ocrx_word' id='word_1_22' title='bbox 740 400 781 461; x_wconf 91' lang='lat' dir='ltr'>eis</span> <span class='ocrx_word' id='word_1_23' title='bbox 795 421 890 479; x_wconf 88' lang='lat' dir='ltr'>aeque</span> <span class='ocrx_word' id='word_1_24' title='bbox 908 423 976 462; x_wconf 89' lang='lat' dir='ltr'>mea</span> <span class='ocrx_word' id='word_1_25' title='bbox 990 406 1067 462; x_wconf 86' lang='lat' dir='ltr'>salus</span> <span class='ocrx_word' id='word_1_26' title='bbox 1081 423 1150 463; x_wconf 87' lang='lat' dir='ltr'>cara</span> 
     </span>
     <span class='ocr_line' id='line_1_4' title="bbox 150 497 1146 575; baseline 0.003 -18"><span class='ocrx_word' id='word_1_27' title='bbox 150 497 243 571; x_wconf 90' lang='lat' dir='ltr'>fuerit,</span> <span class='ocrx_word' id='word_1_28' title='bbox 258 517 315 575; x_wconf 85' lang='lat' dir='ltr'>ego</span> <span class='ocrx_word' id='word_1_29' title='bbox 335 518 384 559; x_wconf 92' lang='lat' dir='ltr'>me</span> <span class='ocrx_word' id='word_1_30' title='bbox 404 499 513 559; x_wconf 92' lang='lat' dir='ltr'>debere</span> <span class='ocrx_word' id='word_1_31' title='bbox 527 498 615 558; x_wconf 91' lang='lat' dir='ltr'>bonis</span> <span class='ocrx_word' id='word_1_32' title='bbox 635 497 775 558; x_wconf 89' lang='lat' dir='ltr'>omnibus</span> <span class='ocrx_word' id='word_1_33' title='bbox 794 500 906 560; x_wconf 90' lang='lat' dir='ltr'>fateor:</span> <span class='ocrx_word' id='word_1_34' title='bbox 927 502 981 560; x_wconf 87' lang='lat' dir='ltr'>sed</span> <span class='ocrx_word' id='word_1_35' title='bbox 1002 500 1091 560; x_wconf 88' lang='lat' dir='ltr'>etiam</span> <span class='ocrx_word' id='word_1_36' title='bbox 1111 500 1146 571; x_wconf 91' lang='lat' dir='ltr'>ei,</span> 
     </span>
     <span class='ocr_line' id='line_1_5' title="bbox 150 594 1149 674; baseline 0.004 -20"><span class='ocrx_word' id='word_1_37' title='bbox 150 594 258 672; x_wconf 90' lang='lat' dir='ltr'>quibus</span> <span class='ocrx_word' id='word_1_38' title='bbox 272 615 327 672; x_wconf 87' lang='lat' dir='ltr'>ego</span> <span class='ocrx_word' id='word_1_39' title='bbox 342 596 447 665; x_wconf 91' lang='lat' dir='ltr'>debe0‚</span> <span class='ocrx_word' id='word_1_40' title='bbox 460 595 531 655; x_wconf 94' lang='lat' dir='ltr'>boni</span> <span class='ocrx_word' id='word_1_41' title='bbox 541 595 595 655; x_wconf 85' lang='lat' dir='ltr'>viri</span> <span class='ocrx_word' id='word_1_42' title='bbox 610 606 639 656; x_wconf 92' lang='lat' dir='ltr'>et</span> <span class='ocrx_word' id='word_1_43' title='bbox 650 595 729 654; x_wconf 92' lang='lat' dir='ltr'>cives</span> <span class='ocrx_word' id='word_1_44' title='bbox 740 595 867 655; x_wconf 91' lang='lat' dir='ltr'>comitiis</span> <span class='ocrx_word' id='word_1_45' title='bbox 882 597 1023 657; x_wconf 86' lang='lat' dir='ltr'>aediliciis</span> <span class='ocrx_word' id='word_1_46' title='bbox 1037 598 1149 674; x_wconf 90' lang='lat' dir='ltr'>aliquid</span> 
     </span>
     <span class='ocr_line' id='line_1_6' title="bbox 151 691 1187 754; baseline 0.004 -4"><span class='ocrx_word' id='word_1_47' title='bbox 151 710 183 750; x_wconf 87' lang='lat' dir='ltr'>se</span> <span class='ocrx_word' id='word_1_48' title='bbox 196 710 264 751; x_wconf 95' lang='lat' dir='ltr'>meo</span> <span class='ocrx_word' id='word_1_49' title='bbox 279 692 401 752; x_wconf 91' lang='lat' dir='ltr'>nomine</span> <span class='ocrx_word' id='word_1_50' title='bbox 415 691 538 752; x_wconf 88' lang='lat' dir='ltr'>Plancio</span> <span class='ocrx_word' id='word_1_51' title='bbox 552 693 662 752; x_wconf 91' lang='lat' dir='ltr'>debere</span> <span class='ocrx_word' id='word_1_52' title='bbox 673 691 820 752; x_wconf 89' lang='lat' dir='ltr'>dicebant.</span> <span class='ocrx_word' id='word_1_53' title='bbox 850 713 951 753; x_wconf 89' lang='lat' dir='ltr'>verum</span> <span class='ocrx_word' id='word_1_54' title='bbox 962 696 1009 754; x_wconf 90' lang='lat' dir='ltr'>fac</span> <span class='ocrx_word' id='word_1_55' title='bbox 1020 714 1068 753; x_wconf 91' lang='lat' dir='ltr'>me</span> <span class='ocrx_word' id='word_1_56' title='bbox 1078 696 1149 753; x_wconf 92' lang='lat' dir='ltr'>mul·</span> <span class='ocrx_word' id='word_1_57' title='bbox 1176 719 1187 754; x_wconf 84' lang='lat' dir='ltr'>s</span> 
     </span>
     <span class='ocr_line' id='line_1_7' title="bbox 150 788 1150 870; baseline 0.004 -21"><span class='ocrx_word' id='word_1_58' title='bbox 150 788 187 850; x_wconf 89' lang='lat' dir='ltr'>tis</span> <span class='ocrx_word' id='word_1_59' title='bbox 198 790 307 850; x_wconf 88' lang='lat' dir='ltr'>debere</span> <span class='ocrx_word' id='word_1_60' title='bbox 318 788 389 851; x_wconf 89' lang='lat' dir='ltr'>etin</span> <span class='ocrx_word' id='word_1_61' title='bbox 400 789 441 851; x_wconf 91' lang='lat' dir='ltr'>eis</span> <span class='ocrx_word' id='word_1_62' title='bbox 452 790 587 851; x_wconf 88' lang='lat' dir='ltr'>Plancio:</span> <span class='ocrx_word' id='word_1_63' title='bbox 602 802 700 850; x_wconf 91' lang='lat' dir='ltr'>utrum</span> <span class='ocrx_word' id='word_1_64' title='bbox 715 790 801 867; x_wconf 86' lang='lat' dir='ltr'>igitur</span> <span class='ocrx_word' id='word_1_65' title='bbox 815 812 863 852; x_wconf 93' lang='lat' dir='ltr'>me</span> <span class='ocrx_word' id='word_1_66' title='bbox 876 794 1052 853; x_wconf 88' lang='lat' dir='ltr'>conturbare</span> <span class='ocrx_word' id='word_1_67' title='bbox 1066 813 1150 870; x_wconf 91' lang='lat' dir='ltr'>opor·</span> 
     </span>
     <span class='ocr_line' id='line_1_8' title="bbox 151 887 1149 969; baseline 0.007 -23"><span class='ocrx_word' id='word_1_68' title='bbox 151 897 194 947; x_wconf 92' lang='lat' dir='ltr'>tet</span> <span class='ocrx_word' id='word_1_69' title='bbox 207 906 245 946; x_wconf 92' lang='lat' dir='ltr'>an</span> <span class='ocrx_word' id='word_1_70' title='bbox 260 887 372 961; x_wconf 89' lang='lat' dir='ltr'>ceteris,</span> <span class='ocrx_word' id='word_1_71' title='bbox 388 907 456 947; x_wconf 93' lang='lat' dir='ltr'>cum</span> <span class='ocrx_word' id='word_1_72' title='bbox 476 888 619 965; x_wconf 92' lang='lat' dir='ltr'>cuiusque</span> <span class='ocrx_word' id='word_1_73' title='bbox 634 888 698 948; x_wconf 93' lang='lat' dir='ltr'>dies</span> <span class='ocrx_word' id='word_1_74' title='bbox 710 889 832 962; x_wconf 88' lang='lat' dir='ltr'>venerit,</span> <span class='ocrx_word' id='word_1_75' title='bbox 854 892 913 950; x_wconf 94' lang='lat' dir='ltr'>hoc</span> <span class='ocrx_word' id='word_1_76' title='bbox 931 911 1051 964; x_wconf 89' lang='lat' dir='ltr'>nomen,</span> <span class='ocrx_word' id='word_1_77' title='bbox 1067 894 1149 969; x_wconf 89' lang='lat' dir='ltr'>quod</span> 
     </span>
    </p>
   </div>
   <div class='ocr_carea' id='block_1_3' title="bbox 101 985 1184 1648">
    <p class='ocr_par' dir='ltr' id='par_1_3' title="bbox 150 985 1149 1064">
     <span class='ocr_line' id='line_1_9' title="bbox 150 985 1149 1064; baseline 0.007 -22"><span class='ocrx_word' id='word_1_78' title='bbox 150 996 241 1061; x_wconf 87' lang='lat' dir='ltr'>urget,</span> <span class='ocrx_word' id='word_1_79' title='bbox 257 1004 344 1057; x_wconf 88' lang='lat' dir='ltr'>nunc,</span> <span class='ocrx_word' id='word_1_80' title='bbox 361 1005 429 1044; x_wconf 93' lang='lat' dir='ltr'>cum</span> <span class='ocrx_word' id='word_1_81' title='bbox 448 985 565 1061; x_wconf 89' lang='lat' dir='ltr'>petitur,</span> <span class='ocrx_word' id='word_1_82' title='bbox 582 986 760 1047; x_wconf 87' lang='lat' dir='ltr'>dissolvere?</span> <span class='ocrx_word' id='word_1_83' title='bbox 799 1006 979 1064; x_wconf 88' lang='lat' dir='ltr'>quamquam</span> <span class='ocrx_word' id='word_1_84' title='bbox 1000 989 1149 1050; x_wconf 87' lang='lat' dir='ltr'>dissimilis</span> 
     </span>
    </p>

    <p class='ocr_par' dir='ltr' id='par_1_4' title="bbox 136 1079 1184 1256">
     <span class='ocr_line' id='line_1_10' title="bbox 136 1079 1147 1158; baseline 0.005 -21"><span class='ocrx_word' id='word_1_85' title='bbox 136 1089 196 1138; x_wconf 75' lang='lat' dir='ltr'>est</span> <span class='ocrx_word' id='word_1_86' title='bbox 210 1079 354 1156; x_wconf 87' lang='lat' dir='ltr'>pecuniae</span> <span class='ocrx_word' id='word_1_87' title='bbox 367 1080 480 1140; x_wconf 92' lang='lat' dir='ltr'>debitio</span> <span class='ocrx_word' id='word_1_88' title='bbox 495 1093 524 1140; x_wconf 90' lang='lat' dir='ltr'>et</span> <span class='ocrx_word' id='word_1_89' title='bbox 538 1081 664 1157; x_wconf 84' lang='lat' dir='ltr'>gratiae:</span> <span class='ocrx_word' id='word_1_90' title='bbox 686 1100 756 1139; x_wconf 92' lang='lat' dir='ltr'>nam</span> <span class='ocrx_word' id='word_1_91' title='bbox 770 1081 821 1158; x_wconf 91' lang='lat' dir='ltr'>qui</span> <span class='ocrx_word' id='word_1_92' title='bbox 834 1082 990 1158; x_wconf 88' lang='lat' dir='ltr'>pecuniam</span> <span class='ocrx_word' id='word_1_93' title='bbox 1005 1082 1147 1156; x_wconf 91' lang='lat' dir='ltr'>dissolvit,</span> 
     </span>
     <span class='ocr_line' id='line_1_11' title="bbox 151 1177 1184 1256; baseline 0.001 -19"><span class='ocrx_word' id='word_1_94' title='bbox 151 1177 249 1238; x_wconf 89' lang='lat' dir='ltr'>statim</span> <span class='ocrx_word' id='word_1_95' title='bbox 270 1198 332 1238; x_wconf 93' lang='lat' dir='ltr'>non</span> <span class='ocrx_word' id='word_1_96' title='bbox 352 1180 443 1239; x_wconf 90' lang='lat' dir='ltr'>habet</span> <span class='ocrx_word' id='word_1_97' title='bbox 463 1179 502 1250; x_wconf 92' lang='lat' dir='ltr'>id,</span> <span class='ocrx_word' id='word_1_98' title='bbox 518 1181 600 1255; x_wconf 92' lang='lat' dir='ltr'>quod</span> <span class='ocrx_word' id='word_1_99' title='bbox 620 1179 750 1239; x_wconf 90' lang='lat' dir='ltr'>reddidit</span> <span class='ocrx_word' id='word_1_100' title='bbox 756 1201 765 1253; x_wconf 83' lang='lat'>3</span> <span class='ocrx_word' id='word_1_101' title='bbox 788 1178 840 1256; x_wconf 91' lang='lat' dir='ltr'>qui</span> <span class='ocrx_word' id='word_1_102' title='bbox 860 1190 960 1239; x_wconf 91' lang='lat' dir='ltr'>autem</span> <span class='ocrx_word' id='word_1_103' title='bbox 980 1181 1078 1252; x_wconf 88' lang='lat' dir='ltr'>debet,</span> <span class='ocrx_word' id='word_1_104' title='bbox 1098 1200 1148 1241; x_wconf 87' lang='lat' dir='ltr'>aes</span> <span class='ocrx_word' id='word_1_105' title='bbox 1161 1211 1184 1238; x_wconf 85' lang='lat'>10</span> 
     </span>
    </p>

    <p class='ocr_par' dir='ltr' id='par_1_5' title="bbox 150 1276 1149 1355">
     <span class='ocr_line' id='line_1_12' title="bbox 150 1276 1149 1355; baseline 0.003 -21"><span class='ocrx_word' id='word_1_106' title='bbox 150 1276 257 1337; x_wconf 91' lang='lat' dir='ltr'>retinet</span> <span class='ocrx_word' id='word_1_107' title='bbox 276 1276 419 1336; x_wconf 88' lang='lat' dir='ltr'>alienum:</span> <span class='ocrx_word' id='word_1_108' title='bbox 443 1278 567 1354; x_wconf 83' lang='lat' dir='ltr'>gratiam</span> <span class='ocrx_word' id='word_1_109' title='bbox 588 1288 689 1336; x_wconf 88' lang='lat' dir='ltr'>autem</span> <span class='ocrx_word' id='word_1_110' title='bbox 712 1287 742 1336; x_wconf 92' lang='lat' dir='ltr'>et</span> <span class='ocrx_word' id='word_1_111' title='bbox 761 1277 813 1353; x_wconf 92' lang='lat' dir='ltr'>qui</span> <span class='ocrx_word' id='word_1_112' title='bbox 833 1278 919 1337; x_wconf 87' lang='lat' dir='ltr'>refert</span> <span class='ocrx_word' id='word_1_113' title='bbox 938 1278 1027 1337; x_wconf 90' lang='lat' dir='ltr'>habet</span> <span class='ocrx_word' id='word_1_114' title='bbox 1048 1289 1077 1338; x_wconf 94' lang='lat' dir='ltr'>et</span> <span class='ocrx_word' id='word_1_115' title='bbox 1099 1278 1149 1355; x_wconf 92' lang='lat' dir='ltr'>qui</span> 
     </span>
    </p>

    <p class='ocr_par' dir='ltr' id='par_1_6' title="bbox 127 1373 1149 1452">
     <span class='ocr_line' id='line_1_13' title="bbox 127 1373 1149 1452; baseline 0 -18"><span class='ocrx_word' id='word_1_116' title='bbox 127 1377 130 1382; x_wconf 84' lang='grc'><strong>’</strong></span> <span class='ocrx_word' id='word_1_117' title='bbox 151 1376 242 1435; x_wconf 89' lang='lat' dir='ltr'>habet</span> <span class='ocrx_word' id='word_1_118' title='bbox 266 1373 297 1434; x_wconf 92' lang='lat' dir='ltr'>in</span> <span class='ocrx_word' id='word_1_119' title='bbox 323 1393 359 1433; x_wconf 92' lang='lat' dir='ltr'>eo</span> <span class='ocrx_word' id='word_1_120' title='bbox 383 1373 458 1451; x_wconf 90' lang='lat' dir='ltr'>ipso,</span> <span class='ocrx_word' id='word_1_121' title='bbox 481 1376 565 1450; x_wconf 93' lang='lat' dir='ltr'>quod</span> <span class='ocrx_word' id='word_1_122' title='bbox 587 1375 686 1446; x_wconf 91' lang='lat' dir='ltr'>habet,</span> <span class='ocrx_word' id='word_1_123' title='bbox 711 1376 806 1435; x_wconf 86' lang='lat' dir='ltr'>refert.</span> <span class='ocrx_word' id='word_1_124' title='bbox 861 1394 959 1452; x_wconf 89' lang='lat' dir='ltr'>neque</span> <span class='ocrx_word' id='word_1_125' title='bbox 987 1394 1043 1452; x_wconf 87' lang='lat' dir='ltr'>ego</span> <span class='ocrx_word' id='word_1_126' title='bbox 1070 1396 1149 1435; x_wconf 91' lang='lat' dir='ltr'>nunc</span> 
     </span>
    </p>

    <p class='ocr_par' dir='ltr' id='par_1_7' title="bbox 152 1470 1150 1544">
     <span class='ocr_line' id='line_1_14' title="bbox 152 1470 1150 1544; baseline 0 -13"><span class='ocrx_word' id='word_1_127' title='bbox 152 1471 274 1532; x_wconf 86' lang='lat' dir='ltr'>Plancio</span> <span class='ocrx_word' id='word_1_128' title='bbox 292 1470 427 1532; x_wconf 87' lang='lat' dir='ltr'>desinam</span> <span class='ocrx_word' id='word_1_129' title='bbox 446 1472 564 1544; x_wconf 92' lang='lat' dir='ltr'>debere,</span> <span class='ocrx_word' id='word_1_130' title='bbox 580 1471 604 1531; x_wconf 92' lang='lat' dir='ltr'>si</span> <span class='ocrx_word' id='word_1_131' title='bbox 618 1473 677 1531; x_wconf 91' lang='lat' dir='ltr'>hoc</span> <span class='ocrx_word' id='word_1_132' title='bbox 697 1473 821 1544; x_wconf 91' lang='lat' dir='ltr'>solvero,</span> <span class='ocrx_word' id='word_1_133' title='bbox 844 1491 900 1532; x_wconf 90' lang='lat' dir='ltr'>nec</span> <span class='ocrx_word' id='word_1_134' title='bbox 920 1471 1018 1531; x_wconf 91' lang='lat' dir='ltr'>minus</span> <span class='ocrx_word' id='word_1_135' title='bbox 1039 1471 1066 1532; x_wconf 91' lang='lat' dir='ltr'>ei</span> <span class='ocrx_word' id='word_1_136' title='bbox 1086 1474 1150 1532; x_wconf 89' lang='lat' dir='ltr'>red·</span> 
     </span>
    </p>

    <p class='ocr_par' dir='ltr' id='par_1_8' title="bbox 101 1569 1150 1648">
     <span class='ocr_line' id='line_1_15' title="bbox 101 1569 1150 1648; baseline -0.004 -15"><span class='ocrx_word' id='word_1_137' title='bbox 101 1574 138 1633; x_wconf 83' lang='grc'>69</span> <span class='ocrx_word' id='word_1_138' title='bbox 152 1571 252 1632; x_wconf 88' lang='lat' dir='ltr'>derem</span> <span class='ocrx_word' id='word_1_139' title='bbox 266 1572 418 1631; x_wconf 86' lang='lat' dir='ltr'>voluntate</span> <span class='ocrx_word' id='word_1_140' title='bbox 432 1571 505 1648; x_wconf 90' lang='lat' dir='ltr'>ipsa,</span> <span class='ocrx_word' id='word_1_141' title='bbox 521 1569 546 1630; x_wconf 90' lang='lat' dir='ltr'>si</span> <span class='ocrx_word' id='word_1_142' title='bbox 559 1572 618 1630; x_wconf 95' lang='lat' dir='ltr'>hoc</span> <span class='ocrx_word' id='word_1_143' title='bbox 632 1569 786 1630; x_wconf 87' lang='lat' dir='ltr'>molestiae</span> <span class='ocrx_word' id='word_1_144' title='bbox 801 1589 863 1629; x_wconf 90' lang='lat' dir='ltr'>non</span> <span class='ocrx_word' id='word_1_145' title='bbox 873 1569 1037 1630; x_wconf 89' lang='lat' dir='ltr'>accidisset.</span> <span class='ocrx_word' id='word_1_146' title='bbox 1063 1589 1150 1646; x_wconf 88' lang='lat' dir='ltr'>quae·</span> 
     </span>
    </p>
   </div>
   <div class='ocr_carea' id='block_1_4' title="bbox 150 1665 1185 1835">
    <p class='ocr_par' dir='ltr' id='par_1_9' title="bbox 150 1665 1185 1835">
     <span class='ocr_line' id='line_1_16' title="bbox 150 1665 1185 1746; baseline -0.007 -17"><span class='ocrx_word' id='word_1_147' title='bbox 150 1668 189 1729; x_wconf 88' lang='lat' dir='ltr'>ris</span> <span class='ocrx_word' id='word_1_148' title='bbox 203 1689 221 1729; x_wconf 91' lang='lat' dir='ltr'>a</span> <span class='ocrx_word' id='word_1_149' title='bbox 234 1689 291 1742; x_wconf 91' lang='lat' dir='ltr'>me,</span> <span class='ocrx_word' id='word_1_150' title='bbox 308 1669 401 1741; x_wconf 87' lang='lat' dir='ltr'>Cassi,</span> <span class='ocrx_word' id='word_1_151' title='bbox 418 1668 490 1746; x_wconf 90' lang='lat' dir='ltr'>quid</span> <span class='ocrx_word' id='word_1_152' title='bbox 504 1688 557 1746; x_wconf 94' lang='lat' dir='ltr'>pro</span> <span class='ocrx_word' id='word_1_153' title='bbox 571 1670 659 1728; x_wconf 89' lang='lat' dir='ltr'>fratre</span> <span class='ocrx_word' id='word_1_154' title='bbox 673 1687 750 1739; x_wconf 91' lang='lat' dir='ltr'>meo,</span> <span class='ocrx_word' id='word_1_155' title='bbox 763 1667 815 1744; x_wconf 90' lang='lat' dir='ltr'>qui</span> <span class='ocrx_word' id='word_1_156' title='bbox 829 1666 901 1726; x_wconf 92' lang='lat' dir='ltr'>mihi</span> <span class='ocrx_word' id='word_1_157' title='bbox 915 1678 959 1727; x_wconf 91' lang='lat' dir='ltr'>est</span> <span class='ocrx_word' id='word_1_158' title='bbox 973 1665 1147 1738; x_wconf 90' lang='lat' dir='ltr'>carissimus,</span> <span class='ocrx_word' id='word_1_159' title='bbox 1162 1695 1185 1732; x_wconf 54' lang='grc' dir='ltr'>ιε</span> 
     </span>
     <span class='ocr_line' id='line_1_17' title="bbox 154 1755 1143 1835; baseline 0.001 -19"><span class='ocrx_word' id='word_1_160' title='bbox 154 1755 225 1834; x_wconf 92' lang='lat' dir='ltr'>quid</span> <span class='ocrx_word' id='word_1_161' title='bbox 236 1776 291 1833; x_wconf 93' lang='lat' dir='ltr'>pro</span> <span class='ocrx_word' id='word_1_162' title='bbox 302 1755 374 1817; x_wconf 90' lang='lat' dir='ltr'>meis</span> <span class='ocrx_word' id='word_1_163' title='bbox 385 1757 492 1828; x_wconf 88' lang='lat' dir='ltr'>liberis,</span> <span class='ocrx_word' id='word_1_164' title='bbox 503 1759 611 1834; x_wconf 91' lang='lat' dir='ltr'>quibus</span> <span class='ocrx_word' id='word_1_165' title='bbox 622 1758 695 1816; x_wconf 89' lang='lat' dir='ltr'>nihil</span> <span class='ocrx_word' id='word_1_166' title='bbox 709 1755 781 1817; x_wconf 90' lang='lat' dir='ltr'>mihi</span> <span class='ocrx_word' id='word_1_167' title='bbox 795 1767 893 1835; x_wconf 89' lang='lat' dir='ltr'>potest</span> <span class='ocrx_word' id='word_1_168' title='bbox 904 1777 968 1818; x_wconf 90' lang='lat' dir='ltr'>esse</span> <span class='ocrx_word' id='word_1_169' title='bbox 978 1757 1143 1830; x_wconf 91' lang='lat' dir='ltr'>iucundius,</span> 
     </span>
    </p>
   </div>
   <div class='ocr_carea' id='block_1_5' title="bbox 151 1855 1152 2020">
    <p class='ocr_par' dir='ltr' id='par_1_10' title="bbox 151 1855 1152 2020">
     <span class='ocr_line' id='line_1_18' title="bbox 153 1855 1144 1934; baseline 0 -19"><span class='ocrx_word' id='word_1_170' title='bbox 153 1855 281 1932; x_wconf 89' lang='lat' dir='ltr'>amplius</span> <span class='ocrx_word' id='word_1_171' title='bbox 302 1874 391 1931; x_wconf 90' lang='lat' dir='ltr'>quam</span> <span class='ocrx_word' id='word_1_172' title='bbox 412 1857 493 1933; x_wconf 91' lang='lat' dir='ltr'>quod</span> <span class='ocrx_word' id='word_1_173' title='bbox 514 1876 569 1934; x_wconf 91' lang='lat' dir='ltr'>pro</span> <span class='ocrx_word' id='word_1_174' title='bbox 590 1856 713 1916; x_wconf 86' lang='lat' dir='ltr'>Plancio</span> <span class='ocrx_word' id='word_1_175' title='bbox 734 1855 811 1914; x_wconf 92' lang='lat' dir='ltr'>facio</span> <span class='ocrx_word' id='word_1_176' title='bbox 831 1856 928 1915; x_wconf 89' lang='lat' dir='ltr'>facere</span> <span class='ocrx_word' id='word_1_177' title='bbox 949 1857 1068 1932; x_wconf 90' lang='lat' dir='ltr'>possim,</span> <span class='ocrx_word' id='word_1_178' title='bbox 1087 1874 1144 1915; x_wconf 91' lang='lat' dir='ltr'>nec</span> 
     </span>
     <span class='ocr_line' id='line_1_19' title="bbox 151 1943 1152 2020; baseline -0.003 -15"><span class='ocrx_word' id='word_1_179' title='bbox 151 1946 234 2007; x_wconf 88' lang='lat' dir='ltr'>vides</span> <span class='ocrx_word' id='word_1_180' title='bbox 252 1944 376 2005; x_wconf 91' lang='lat' dir='ltr'>istorum</span> <span class='ocrx_word' id='word_1_181' title='bbox 397 1945 528 2020; x_wconf 92' lang='lat' dir='ltr'>ipsorum</span> <span class='ocrx_word' id='word_1_182' title='bbox 547 1943 667 2004; x_wconf 89' lang='lat' dir='ltr'>caritate</span> <span class='ocrx_word' id='word_1_183' title='bbox 685 1945 725 2004; x_wconf 88' lang='lat' dir='ltr'>ad</span> <span class='ocrx_word' id='word_1_184' title='bbox 738 1943 827 2003; x_wconf 91' lang='lat' dir='ltr'>huius</span> <span class='ocrx_word' id='word_1_185' title='bbox 848 1945 972 2003; x_wconf 91' lang='lat' dir='ltr'>salutem</span> <span class='ocrx_word' id='word_1_186' title='bbox 991 1946 1152 2004; x_wconf 89' lang='lat' dir='ltr'>defenden-</span> 
     </span>
    </p>
   </div>
   <div class='ocr_carea' id='block_1_6' title="bbox 45 2039 1188 3489">
    <p class='ocr_par' dir='ltr' id='par_1_11' title="bbox 45 2039 1188 3489">
     <span class='ocr_line' id='line_1_20' title="bbox 151 2039 1150 2116; baseline -0.003 -13"><span class='ocrx_word' id='word_1_187' title='bbox 151 2044 222 2103; x_wconf 89' lang='lat' dir='ltr'>dam</span> <span class='ocrx_word' id='word_1_188' title='bbox 243 2041 371 2100; x_wconf 86' lang='lat' dir='ltr'>maxime</span> <span class='ocrx_word' id='word_1_189' title='bbox 390 2039 533 2100; x_wconf 79' lang='lat' dir='ltr'>stimulari</span> <span class='ocrx_word' id='word_1_190' title='bbox 553 2059 601 2099; x_wconf 91' lang='lat' dir='ltr'>me</span> <span class='ocrx_word' id='word_1_191' title='bbox 622 2052 711 2116; x_wconf 90' lang='lat' dir='ltr'>atque</span> <span class='ocrx_word' id='word_1_192' title='bbox 732 2040 858 2100; x_wconf 84' lang='lat' dir='ltr'>excitari.</span> <span class='ocrx_word' id='word_1_193' title='bbox 889 2060 959 2099; x_wconf 89' lang='lat' dir='ltr'>narn</span> <span class='ocrx_word' id='word_1_194' title='bbox 976 2060 1074 2116; x_wconf 90' lang='lat' dir='ltr'>neque</span> <span class='ocrx_word' id='word_1_195' title='bbox 1094 2041 1150 2100; x_wconf 92' lang='lat' dir='ltr'>illis</span> 
     </span>
     <span class='ocr_line' id='line_1_21' title="bbox 151 2136 1188 2214; baseline -0.006 -15"><span class='ocrx_word' id='word_1_196' title='bbox 151 2138 237 2199; x_wconf 93' lang='lat' dir='ltr'>huius</span> <span class='ocrx_word' id='word_1_197' title='bbox 255 2139 357 2209; x_wconf 89' lang='lat' dir='ltr'>salute,</span> <span class='ocrx_word' id='word_1_198' title='bbox 373 2157 392 2196; x_wconf 92' lang='lat' dir='ltr'>a</span> <span class='ocrx_word' id='word_1_199' title='bbox 410 2156 470 2213; x_wconf 91' lang='lat' dir='ltr'>quo</span> <span class='ocrx_word' id='word_1_200' title='bbox 492 2155 590 2195; x_wconf 90' lang='lat' dir='ltr'>meam</span> <span class='ocrx_word' id='word_1_201' title='bbox 610 2136 707 2197; x_wconf 91' lang='lat' dir='ltr'>sciunt</span> <span class='ocrx_word' id='word_1_202' title='bbox 727 2155 791 2196; x_wconf 91' lang='lat' dir='ltr'>esse</span> <span class='ocrx_word' id='word_1_203' title='bbox 811 2139 974 2208; x_wconf 87' lang='lat' dir='ltr'>defensam,</span> <span class='ocrx_word' id='word_1_204' title='bbox 990 2137 1148 2214; x_wconf 90' lang='lat' dir='ltr'>quicquam</span> <span class='ocrx_word' id='word_1_205' title='bbox 1163 2168 1188 2194; x_wconf 65' lang='grc' dir='ltr'>ω</span> 
     </span>
     <span class='ocr_line' id='line_1_22' title="bbox 152 2233 1150 2312; baseline -0.003 -15"><span class='ocrx_word' id='word_1_206' title='bbox 152 2248 196 2297; x_wconf 91' lang='lat' dir='ltr'>est</span> <span class='ocrx_word' id='word_1_207' title='bbox 217 2234 354 2312; x_wconf 87' lang='lat' dir='ltr'>optatius,</span> <span class='ocrx_word' id='word_1_208' title='bbox 371 2246 401 2294; x_wconf 92' lang='lat' dir='ltr'>et</span> <span class='ocrx_word' id='word_1_209' title='bbox 421 2253 477 2311; x_wconf 90' lang='lat' dir='ltr'>ego</span> <span class='ocrx_word' id='word_1_210' title='bbox 498 2234 562 2311; x_wconf 90' lang='lat' dir='ltr'>ipse</span> <span class='ocrx_word' id='word_1_211' title='bbox 583 2254 746 2311; x_wconf 89' lang='lat' dir='ltr'>numquam</span> <span class='ocrx_word' id='word_1_212' title='bbox 767 2235 833 2294; x_wconf 89' lang='lat' dir='ltr'>illos</span> <span class='ocrx_word' id='word_1_213' title='bbox 851 2233 963 2311; x_wconf 89' lang='lat' dir='ltr'>aspicio</span> <span class='ocrx_word' id='word_1_214' title='bbox 984 2235 1065 2311; x_wconf 93' lang='lat' dir='ltr'>quin,</span> <span class='ocrx_word' id='word_1_215' title='bbox 1081 2255 1150 2294; x_wconf 92' lang='lat' dir='ltr'>curn</span> 
     </span>
     <span class='ocr_line' id='line_1_23' title="bbox 151 2332 1149 2412; baseline -0.003 -17"><span class='ocrx_word' id='word_1_216' title='bbox 151 2355 204 2412; x_wconf 92' lang='lat' dir='ltr'>per</span> <span class='ocrx_word' id='word_1_217' title='bbox 213 2335 293 2393; x_wconf 94' lang='lat' dir='ltr'>hunc</span> <span class='ocrx_word' id='word_1_218' title='bbox 303 2351 352 2393; x_wconf 90' lang='lat' dir='ltr'>me</span> <span class='ocrx_word' id='word_1_219' title='bbox 363 2332 405 2393; x_wconf 93' lang='lat' dir='ltr'>eis</span> <span class='ocrx_word' id='word_1_220' title='bbox 419 2343 625 2393; x_wconf 88' lang='lat' dir='ltr'>conservatum</span> <span class='ocrx_word' id='word_1_221' title='bbox 636 2351 701 2394; x_wconf 86' lang='lat' dir='ltr'>esse</span> <span class='ocrx_word' id='word_1_222' title='bbox 712 2332 906 2406; x_wconf 86' lang='lat' dir='ltr'>meminerim,</span> <span class='ocrx_word' id='word_1_223' title='bbox 917 2333 1004 2393; x_wconf 90' lang='lat' dir='ltr'>huius</span> <span class='ocrx_word' id='word_1_224' title='bbox 1014 2333 1149 2394; x_wconf 90' lang='lat' dir='ltr'>meritum</span> 
     </span>
     <span class='ocr_line' id='line_1_24' title="bbox 152 2433 404 2495; baseline -0.016 0"><span class='ocrx_word' id='word_1_225' title='bbox 152 2434 183 2495; x_wconf 92' lang='lat' dir='ltr'>in</span> <span class='ocrx_word' id='word_1_226' title='bbox 197 2452 247 2493; x_wconf 91' lang='lat' dir='ltr'>me</span> <span class='ocrx_word' id='word_1_227' title='bbox 260 2433 404 2493; x_wconf 88' lang='lat' dir='ltr'>recorder.</span> 
     </span>
     <span class='ocr_line' id='line_1_25' title="bbox 212 2527 1152 2607; baseline -0.003 -15"><span class='ocrx_word' id='word_1_228' title='bbox 212 2527 367 2607; x_wconf 92' lang='lat' dir='ltr'>Opimium</span> <span class='ocrx_word' id='word_1_229' title='bbox 388 2530 562 2589; x_wconf 89' lang='lat' dir='ltr'>damnatum</span> <span class='ocrx_word' id='word_1_230' title='bbox 583 2547 648 2590; x_wconf 88' lang='lat' dir='ltr'>esse</span> <span class='ocrx_word' id='word_1_231' title='bbox 668 2547 892 2600; x_wconf 90' lang='lat' dir='ltr'>commemoras,</span> <span class='ocrx_word' id='word_1_232' title='bbox 911 2538 1090 2588; x_wconf 84' lang='lat' dir='ltr'>servatorem</span> <span class='ocrx_word' id='word_1_233' title='bbox 1110 2528 1152 2606; x_wconf 89' lang='lat' dir='ltr'>ip</span> 
     </span>
     <span class='ocr_line' id='line_1_26' title="bbox 152 2625 1188 2704; baseline -0.003 -15"><span class='ocrx_word' id='word_1_234' title='bbox 152 2648 218 2689; x_wconf 89' lang='lat' dir='ltr'>sum</span> <span class='ocrx_word' id='word_1_235' title='bbox 232 2626 273 2687; x_wconf 92' lang='lat' dir='ltr'>rei</span> <span class='ocrx_word' id='word_1_236' title='bbox 288 2627 423 2704; x_wconf 90' lang='lat' dir='ltr'>publicae</span> <span class='ocrx_word' id='word_1_237' title='bbox 428 2648 437 2701; x_wconf 92' lang='lat'>;</span> <span class='ocrx_word' id='word_1_238' title='bbox 459 2626 610 2687; x_wconf 90' lang='lat' dir='ltr'>Calidium</span> <span class='ocrx_word' id='word_1_239' title='bbox 623 2626 767 2702; x_wconf 87' lang='lat' dir='ltr'>adiungis,</span> <span class='ocrx_word' id='word_1_240' title='bbox 783 2625 867 2685; x_wconf 90' lang='lat' dir='ltr'>cuius</span> <span class='ocrx_word' id='word_1_241' title='bbox 881 2627 946 2703; x_wconf 87' lang='lat' dir='ltr'>lege</span> <span class='ocrx_word' id='word_1_242' title='bbox 961 2627 998 2702; x_wconf 88' lang='lat' dir='ltr'>Q.</span> <span class='ocrx_word' id='word_1_243' title='bbox 1012 2628 1151 2686; x_wconf 90' lang='lat' dir='ltr'>Metellus</span> <span class='ocrx_word' id='word_1_244' title='bbox 1164 2658 1188 2694; x_wconf 80' lang='lat'>25</span> 
     </span>
     <span class='ocr_line' id='line_1_27' title="bbox 45 2724 1151 2802; baseline -0.004 -14"><span class='ocrx_word' id='word_1_245' title='bbox 45 2733 49 2737; x_wconf 83' lang='lat'>&#39;</span> <span class='ocrx_word' id='word_1_246' title='bbox 152 2729 183 2788; x_wconf 93' lang='lat' dir='ltr'>in</span> <span class='ocrx_word' id='word_1_247' title='bbox 207 2726 356 2788; x_wconf 86' lang='lat' dir='ltr'>civitatem</span> <span class='ocrx_word' id='word_1_248' title='bbox 379 2724 417 2787; x_wconf 91' lang='lat' dir='ltr'>sit</span> <span class='ocrx_word' id='word_1_249' title='bbox 438 2726 608 2786; x_wconf 88' lang='lat' dir='ltr'>restitutus:</span> <span class='ocrx_word' id='word_1_250' title='bbox 636 2724 828 2802; x_wconf 87' lang='lat' dir='ltr'>reprehendis</span> <span class='ocrx_word' id='word_1_251' title='bbox 849 2744 931 2784; x_wconf 90' lang='lat' dir='ltr'>meas</span> <span class='ocrx_word' id='word_1_252' title='bbox 952 2743 1009 2802; x_wconf 87' lang='lat' dir='ltr'>pro·</span> <span class='ocrx_word' id='word_1_253' title='bbox 1028 2725 1151 2785; x_wconf 90' lang='lat' dir='ltr'>Plancio</span> 
     </span>
     <span class='ocr_line' id='line_1_28' title="bbox 153 2821 1152 2905; baseline -0.003 -18"><span class='ocrx_word' id='word_1_254' title='bbox 153 2846 263 2905; x_wconf 90' lang='lat' dir='ltr'>preces,</span> <span class='ocrx_word' id='word_1_255' title='bbox 274 2826 356 2903; x_wconf 90' lang='lat' dir='ltr'>quod</span> <span class='ocrx_word' id='word_1_256' title='bbox 371 2844 467 2902; x_wconf 89' lang='lat' dir='ltr'>neque</span> <span class='ocrx_word' id='word_1_257' title='bbox 482 2823 619 2900; x_wconf 91' lang='lat' dir='ltr'>Opimius</span> <span class='ocrx_word' id='word_1_258' title='bbox 634 2842 689 2883; x_wconf 91' lang='lat' dir='ltr'>suo</span> <span class='ocrx_word' id='word_1_259' title='bbox 707 2821 828 2883; x_wconf 89' lang='lat' dir='ltr'>nomine</span> <span class='ocrx_word' id='word_1_260' title='bbox 843 2821 983 2883; x_wconf 89' lang='lat' dir='ltr'>liberatus</span> <span class='ocrx_word' id='word_1_261' title='bbox 997 2823 1035 2884; x_wconf 91' lang='lat' dir='ltr'>sit</span> <span class='ocrx_word' id='word_1_262' title='bbox 1053 2843 1152 2900; x_wconf 89' lang='lat' dir='ltr'>neque</span> 
     </span>
     <span class='ocr_line' id='line_1_29' title="bbox 153 2919 1153 3004; baseline -0.006 -18"><span class='ocrx_word' id='word_1_263' title='bbox 153 2929 189 3004; x_wconf 94' lang='lat' dir='ltr'>Q.</span> <span class='ocrx_word' id='word_1_264' title='bbox 213 2923 328 2986; x_wconf 91' lang='lat' dir='ltr'>Metelli</span> <span class='ocrx_word' id='word_1_265' title='bbox 350 2923 491 2985; x_wconf 87' lang='lat' dir='ltr'>Calidius.</span> <span class='ocrx_word' id='word_1_266' title='bbox 550 2923 659 2980; x_wconf 89' lang='lat' dir='ltr'>XXIX</span> <span class='ocrx_word' id='word_1_267' title='bbox 684 2923 733 2980; x_wconf 90' lang='lat' dir='ltr'>De</span> <span class='ocrx_word' id='word_1_268' title='bbox 754 2919 870 2980; x_wconf 87' lang='lat' dir='ltr'>Calidio</span> <span class='ocrx_word' id='word_1_269' title='bbox 895 2920 949 2980; x_wconf 95' lang='lat' dir='ltr'>tibi</span> <span class='ocrx_word' id='word_1_270' title='bbox 970 2931 1086 2980; x_wconf 89' lang='lat' dir='ltr'>tantum</span> <span class='ocrx_word' id='word_1_271' title='bbox 1110 2939 1153 2980; x_wconf 89' lang='lat' dir='ltr'>re·</span> 
     </span>
     <span class='ocr_line' id='line_1_30' title="bbox 153 3018 1152 3102; baseline -0.007 -17"><span class='ocrx_word' id='word_1_272' title='bbox 153 3026 297 3102; x_wconf 89' lang='lat' dir='ltr'>spondeo,</span> <span class='ocrx_word' id='word_1_273' title='bbox 313 3025 395 3099; x_wconf 91' lang='lat' dir='ltr'>quod</span> <span class='ocrx_word' id='word_1_274' title='bbox 409 3020 473 3099; x_wconf 92' lang='lat' dir='ltr'>ipse</span> <span class='ocrx_word' id='word_1_275' title='bbox 486 3019 562 3080; x_wconf 90' lang='lat' dir='ltr'>vidi:</span> <span class='ocrx_word' id='word_1_276' title='bbox 585 3020 620 3095; x_wconf 91' lang='lat' dir='ltr'>Q.</span> <span class='ocrx_word' id='word_1_277' title='bbox 635 3019 791 3078; x_wconf 92' lang='lat' dir='ltr'>Metellum</span> <span class='ocrx_word' id='word_1_278' title='bbox 805 3018 888 3078; x_wconf 91' lang='lat' dir='ltr'>Pium</span> <span class='ocrx_word' id='word_1_279' title='bbox 903 3020 1057 3078; x_wconf 90' lang='lat' dir='ltr'>consulem</span> <span class='ocrx_word' id='word_1_280' title='bbox 1071 3037 1152 3095; x_wconf 90' lang='lat' dir='ltr'>prae·</span> 
     </span>
     <span class='ocr_line' id='line_1_31' title="bbox 153 3115 1188 3196; baseline -0.013 -14"><span class='ocrx_word' id='word_1_281' title='bbox 153 3121 233 3182; x_wconf 91' lang='lat' dir='ltr'>toriis</span> <span class='ocrx_word' id='word_1_282' title='bbox 262 3120 397 3194; x_wconf 92' lang='lat' dir='ltr'>comitiis,</span> <span class='ocrx_word' id='word_1_283' title='bbox 420 3130 541 3196; x_wconf 90' lang='lat' dir='ltr'>petente</span> <span class='ocrx_word' id='word_1_284' title='bbox 572 3118 609 3193; x_wconf 90' lang='lat' dir='ltr'>Q.</span> <span class='ocrx_word' id='word_1_285' title='bbox 632 3115 760 3187; x_wconf 92' lang='lat' dir='ltr'>Calidio,</span> <span class='ocrx_word' id='word_1_286' title='bbox 783 3118 897 3194; x_wconf 93' lang='lat' dir='ltr'>populo</span> <span class='ocrx_word' id='word_1_287' title='bbox 921 3118 1061 3175; x_wconf 92' lang='lat' dir='ltr'>Romano</span> <span class='ocrx_word' id='word_1_288' title='bbox 1085 3134 1152 3192; x_wconf 89' lang='lat' dir='ltr'>sup</span> <span class='ocrx_word' id='word_1_289' title='bbox 1165 3142 1188 3178; x_wconf 83' lang='lat'>30</span> 
     </span>
     <span class='ocr_line' id='line_1_32' title="bbox 152 3213 1152 3297; baseline -0.008 -18"><span class='ocrx_word' id='word_1_290' title='bbox 152 3217 286 3297; x_wconf 90' lang='lat' dir='ltr'>plicasse,</span> <span class='ocrx_word' id='word_1_291' title='bbox 311 3237 380 3277; x_wconf 92' lang='lat' dir='ltr'>cum</span> <span class='ocrx_word' id='word_1_292' title='bbox 407 3217 529 3293; x_wconf 90' lang='lat' dir='ltr'>quidem</span> <span class='ocrx_word' id='word_1_293' title='bbox 557 3234 619 3274; x_wconf 93' lang='lat' dir='ltr'>non</span> <span class='ocrx_word' id='word_1_294' title='bbox 647 3214 795 3273; x_wconf 90' lang='lat' dir='ltr'>dubitaret</span> <span class='ocrx_word' id='word_1_295' title='bbox 822 3225 852 3274; x_wconf 91' lang='lat' dir='ltr'>et</span> <span class='ocrx_word' id='word_1_296' title='bbox 879 3214 984 3273; x_wconf 92' lang='lat' dir='ltr'>consul</span> <span class='ocrx_word' id='word_1_297' title='bbox 1008 3223 1037 3272; x_wconf 91' lang='lat' dir='ltr'>et</span> <span class='ocrx_word' id='word_1_298' title='bbox 1059 3213 1152 3271; x_wconf 93' lang='lat' dir='ltr'>homo</span> 
     </span>
     <span class='ocr_line' id='line_1_33' title="bbox 154 3310 1151 3407; baseline -0.011 -28"><span class='ocrx_word' id='word_1_299' title='bbox 154 3316 353 3407; x_wconf 63' lang='lat' dir='ltr'>nobilissimus</span> <span class='ocrx_word' id='word_1_300' title='bbox 377 3328 535 3393; x_wconf 89' lang='lat' dir='ltr'>patronum</span> <span class='ocrx_word' id='word_1_301' title='bbox 559 3332 625 3373; x_wconf 92' lang='lat' dir='ltr'>esse</span> <span class='ocrx_word' id='word_1_302' title='bbox 644 3312 727 3371; x_wconf 91' lang='lat' dir='ltr'>illum</span> <span class='ocrx_word' id='word_1_303' title='bbox 751 3331 838 3371; x_wconf 92' lang='lat' dir='ltr'>suum</span> <span class='ocrx_word' id='word_1_304' title='bbox 864 3323 893 3371; x_wconf 91' lang='lat' dir='ltr'>et</span> <span class='ocrx_word' id='word_1_305' title='bbox 918 3310 1046 3402; x_wconf 82' lang='lat' dir='ltr'>familiae</span> <span class='ocrx_word' id='word_1_306' title='bbox 1069 3310 1151 3369; x_wconf 91' lang='lat' dir='ltr'>nobi-</span> 
     </span>
     <span class='ocr_line' id='line_1_34' title="bbox 104 3378 1153 3489; baseline -0.01 -10"><span class='ocrx_word' id='word_1_307' title='bbox 104 3417 284 3479; x_wconf 77' lang='lat' dir='ltr'>‘lsslissimae</span> <span class='ocrx_word' id='word_1_308' title='bbox 301 3412 408 3474; x_wconf 74' lang='lat' dir='ltr'>dicere.</span> <span class='ocrx_word' id='word_1_309' title='bbox 442 3413 511 3486; x_wconf 92' lang='lat' dir='ltr'>Quo</span> <span class='ocrx_word' id='word_1_310' title='bbox 531 3412 599 3471; x_wconf 92' lang='lat' dir='ltr'>loco</span> <span class='ocrx_word' id='word_1_311' title='bbox 619 3429 729 3489; x_wconf 89' lang='lat' dir='ltr'>quaero</span> <span class='ocrx_word' id='word_1_312' title='bbox 746 3378 784 3469; x_wconf 78' lang='lat' dir='ltr'>eri</span> <span class='ocrx_word' id='word_1_313' title='bbox 803 3421 922 3469; x_wconf 92' lang='lat' dir='ltr'>tenum</span> <span class='ocrx_word' id='word_1_314' title='bbox 944 3408 1025 3468; x_wconf 92' lang='lat' dir='ltr'>idm</span> <span class='ocrx_word' id='word_1_315' title='bbox 1042 3406 1153 3468; x_wconf 90' lang='lat' dir='ltr'>iudicio</span> 
     </span>
    </p>
   </div>
   <div class='ocr_carea' id='block_1_7' title="bbox 0 0 1213 3788">
    <p class='ocr_par' dir='ltr' id='par_1_12' title="bbox 0 0 1213 3788">
     <span class='ocr_line' id='line_1_35' title="bbox 0 0 1213 3788; baseline 0 0"><span class='ocrx_word' id='word_1_316' title='bbox 0 0 1213 3788; x_wconf 95' lang='lat' dir='ltr'> </span> 
     </span>
    </p>
   </div>
  </div>
 </body>
</html>
