2406 3788
119 171 157 224 24
370 153 417 211 aa
443 152 579 212 TVLLI
603 151 847 214 escauoaus
939 139 1057 233 [xxiv
1073 155 1109 230 58

118 293 235 342 mortuo
250 284 365 358 Congu,
379 301 450 353 non,
465 292 498 340 ut
512 279 627 357 opinor,
641 280 792 352 admirere,
810 301 879 340 cum
898 300 954 358 ego
972 280 1035 358 ipse
1050 300 1109 340 non

118 379 278 450 abhorrens
301 397 320 436 a
344 377 441 436 studio
469 375 651 459 antiquitatis
674 396 724 437 me
747 377 796 436 hic
819 376 850 437 id
874 389 960 438 exte
983 378 1110 453 primum

118 473 235 532 audisse
255 475 403 533 confitear.
450 484 480 533 et
500 472 642 547 quoniam
662 483 713 533 tua
733 473 788 533 fuit
808 475 978 551 perelegans
1000 484 1030 532 et
1049 491 1112 549 per-

119 569 233 629 subtilis
247 568 351 640 oratio,
367 570 457 646 digna
476 569 582 646 equitis
597 569 729 628 Romani
741 572 789 631 vel
810 571 909 630 studio
923 571 970 630 vel
989 570 1111 646 pudore,

120 664 321 740 quoniamque
342 664 384 723 sic
402 667 441 724 ab
460 665 506 724 his
526 685 557 725 es
575 664 702 738 auditus,
716 677 750 726 ut
768 685 892 742 magnus
910 667 1006 725 honos
1024 675 1053 724 et
1071 663 1113 722 in·
1140 690 1151 726 ε

120 760 207 838 genio
222 773 252 822 et
265 761 439 822 humanitati
453 773 521 822 tuae
535 751 716 834 tribueretur,
726 764 915 839 respondebo
929 764 968 822 ad
982 782 1025 835 ea,
1038 781 1114 838 quae

121 859 227 933 dixisti,
243 880 319 937 quae
342 862 481 936 pleraque
505 862 544 921 de
565 860 630 937 ipso
652 880 701 920 me
724 863 859 921 fuerunt:
878 860 910 920 in
930 861 1036 938 quibus
1057 860 1115 937 ipsi

121 957 222 1029 aculei,
238 959 262 1016 si
283 977 358 1033 quos
378 956 506 1016 habuisti
525 956 557 1016 in
577 976 626 1016 me
646 959 901 1034 reprehendendo,
922 950 1022 1017 tamen
1042 954 1115 1015 mihi

72 1056 108 1114 59
122 1075 183 1114 non
193 1053 298 1131 ingrati
307 1053 485 1113 acciderunt.
517 1053 656 1130 quaesisti
667 1066 764 1114 utrum
774 1055 846 1112 mibi
856 1067 999 1130 putarem,
1010 1053 1115 1130 equitis

122 1151 251 1212 Romani
265 1150 335 1223 filio,
346 1150 506 1210 faciliorem
520 1150 610 1211 fuisse
623 1153 662 1211 ad
676 1152 885 1228 adipiscendos
899 1152 1026 1210 honores
1036 1149 1113 1209 viam
1129 1177 1151 1202 ιο

121 1269 160 1310 an
174 1251 299 1307 futuram
315 1266 379 1307 esse
390 1247 450 1307 filio
464 1267 541 1319 meo,
553 1247 622 1324 quia
635 1261 712 1308 esset
727 1268 744 1309 e
758 1248 869 1307 familia
882 1245 1042 1307 consulari:
1059 1265 1115 1322 ego

120 1366 191 1407 vero
206 1365 386 1422 quamquam
400 1344 441 1404 illi
455 1345 557 1405 omnia
568 1348 648 1406 malo
662 1365 751 1422 quam
765 1345 846 1418 mihi,
858 1358 959 1405 tamen
969 1347 1116 1404 honorum

80 1428 94 1499 λ.
122 1442 219 1504 aditus
240 1461 402 1518 numquam
424 1442 465 1501 illi
486 1443 630 1503 faciliores
652 1444 753 1520 optavi
774 1463 864 1520 quam
891 1441 963 1502 mihi
990 1444 1115 1501 suerunt.

123 1535 197 1620 quin
214 1541 312 1615 etiam,
327 1560 366 1601 ne
386 1544 462 1602 forte
482 1541 531 1601 ille
552 1541 608 1602 sibi
628 1561 678 1600 me
698 1542 796 1618 potius
816 1538 1046 1618 peperisseiam
1066 1539 1118 1597 ho-

123 1659 211 1700 nores
231 1660 321 1717 quam
341 1639 396 1699 iter
414 1641 630 1700 demonstrasse
651 1639 909 1716 adipiscendorum
929 1648 1022 1716 putet,
1043 1639 1117 1697 haec
1131 1656 1154 1693 ιε

123 1739 165 1808 illi
179 1741 261 1800 soleo
275 1738 480 1816 praecipere—
486 1758 665 1816 quamquam
680 1740 719 1798 ad
733 1751 890 1816 praecepta
904 1749 984 1797 aetas
999 1756 1060 1796 non
1074 1748 1117 1796 est

124 1837 290 1913 grandis-‚
306 1853 382 1911 quae
396 1856 447 1895 rex
461 1835 509 1896 ille
523 1856 542 1896 a
556 1839 629 1897 Iove
644 1846 724 1896 ortus
739 1837 799 1896 suis
814 1835 964 1914 praecepit
978 1835 1062 1894 filiis:

204 1935 384 2011 vigilendum
405 1945 450 1993 est
470 1953 603 2011 semper:
627 1937 739 1994 multae
760 1935 884 1996 insidiae
905 1937 973 1995 sunt
992 1932 1085 1993 bonis

117 2030 218 2090 Nostis
231 2042 335 2091 cetera.
365 2028 502 2110 [uonnei

205 2127 236 2186 ld
257 2127 338 2203 quod
359 2125 444 2185 multi
464 2125 638 2208 invideant]

121 2235 203 2300 ¹quae
218 2221 332 2299 scripsit
349 2221 444 2298 gravis
457 2233 488 2281 et
501 2221 669 2299 ingeniosus
688 2217 994 2303 poeta,[scripsit]non
1008 2234 1041 2282 ut
1054 2221 1120 2282 illos

125 2320 220 2397 regios
234 2338 349 2396 pueros,
364 2316 414 2395 qui
427 2315 487 2377 iam
500 2337 647 2394 nusquam
666 2329 757 2389 erant,
773 2320 827 2378 sed
845 2331 878 2379 ut
891 2339 947 2379 nos
961 2330 991 2379 et
1004 2330 1121 2378 nostros

77 2417 115 2475 60
127 2418 235 2476 liberos
257 2415 296 2473 ad
319 2407 451 2474 laborem
476 2425 505 2473 et
527 2415 566 2473 ad
586 2414 705 2473 laudem
726 2414 871 2475 excitaret.
913 2415 1029 2491 quaeris
1050 2413 1121 2490 quid

126 2510 256 2588 potuerit
275 2509 400 2586 amplius
421 2508 545 2583 adsequi
564 2508 712 2581 Plancius,
734 2507 758 2568 si
778 2512 834 2571 Cn.
857 2507 1001 2586 Scipionis
1021 2509 1122 2569 fuisset

128 2605 212 2666 filius.
254 2605 347 2680 magis
360 2601 463 2663 aedilis
477 2604 540 2663 fieri
557 2623 619 2664 nou
637 2602 791 2680 potuisset,
806 2605 860 2664 sed
878 2606 936 2664 hoc
952 2615 1120 2679 praestaret,
1135 2623 1159 2660 2⁵

129 2702 209 2777 quod
229 2699 256 2759 ei
270 2697 367 2758 minus
380 2697 576 2759 invideretur:
597 2697 708 2758 etenim
719 2701 866 2758 honorum
879 2701 986 2776 gradus
1000 2697 1123 2758 summis

128 2797 299 2858 hominibus
326 2807 356 2856 et
376 2794 483 2854 infimis
507 2804 576 2853 sunt
596 2813 690 2870 pares,
711 2794 821 2870 gloriae
843 2796 980 2871 dispares.
1036 2796 1124 2852 XXV

130 2893 196 2966 quis
220 2903 352 2952 nostrum
375 2910 407 2950 se
434 2889 507 2949 dicit
534 2891 584 2950 Μ’.
612 2888 712 2962 Curio,
738 2889 804 2965 quis
831 2891 865 2950 C.
892 2887 1036 2960 Fabricio,
1059 2887 1124 2964 quis

129 2991 163 3048 C.
191 2985 292 3045 Duilio
316 2986 440 3061 parem?
467 2983 534 3059 quis
558 2987 593 3042 A.
618 2982 708 3041 Atilio
738 2981 896 3042 Calatino?
927 2982 993 3058 quis
1017 2985 1072 3043 Cn.
1095 2995 1124 3041 et

131 3086 161 3143 Ρ,
185 3082 394 3159 Scipionibus?
417 3080 484 3157 quis
500 3080 649 3150 Africano,
671 3080 823 3153 MarcellO,
849 3080 1005 3140 Maximo?
1024 3090 1124 3139 tamen
1138 3100 1163 3136 30

129 3178 252 3237 eosdem
274 3196 375 3236 sumus
393 3178 539 3237 honorum
560 3176 667 3252 gradus
687 3192 762 3251 quos
776 3173 817 3232 illi
831 3174 972 3235 adsecuti.
1015 3174 1125 3234 etenim

130 3273 161 3331 in
175 3273 279 3332 virtute
301 3273 385 3333 multi
404 3285 471 3332 sunt
490 3290 638 3341 ascensus,
653 3281 686 3330 ut
699 3270 723 3329 is
737 3270 864 3330 maxime
883 3269 975 3347 gloria
993 3271 1127 3340 excellat,

131 3369 183 3446 qui
204 3367 309 3428 virtute
333 3367 491 3444 plurimum
516 3377 662 3444 praestet:
693 3367 839 3426 honorum
864 3365 967 3443 populi
994 3365 1059 3425 linis
1082 3381 1126 3426 est
