2406 3788
130 193 186 233 222
423 171 515 233 PRO
547 173 612 232 CN.
638 171 838 233 PLANCIO

613 357 638 405 D

130 453 156 503 C.
178 452 283 502 Duilius
308 450 402 518 primus
425 453 596 502 Romanomm
617 452 695 504 classe
718 454 816 503 Poenos
837 452 936 515 devicit,
959 468 1010 503 cos.
1023 468 1052 503 a.
1071 451 1130 516 260,

126 533 320 676 affligebam,
342 612 422 662 libera
437 613 525 663 civitas
548 612 643 678 Illyrici
662 613 699 674 (h.
722 614 875 677 Duram),
896 615 963 665 uude
979 614 1007 664 iu
1031 615 1135 665 Italiam

158 693 284 755 traiectus,
295 693 427 759 hospitalis
438 694 464 744 in
476 695 529 746 Cia
544 693 655 745 exsulem
668 695 699 744 98
713 710 742 757 ι4

612 857 634 906 F

129 971 157 1032 Q.
177 970 269 1020 Fabius
285 972 418 1020 Maximus
432 971 609 1035 Allobrogicus,
627 972 700 1021 Lucii
719 973 822 1023 Aemilii
840 972 912 1022 Pauli
928 987 1015 1037 nepos,
1034 985 1086 1022 cos.
1108 987 1132 1022 a.

161 1066 216 1111 rar,
233 1053 315 1103 fornix
335 1053 404 1102 iuxta
427 1053 533 1117 Regiam
555 1053 581 1102 in
598 1068 668 1102 sacra
689 1053 731 1102 via
752 1054 802 1103 ima
823 1053 991 1118 Allobrogum
1007 1052 1132 1102 victorum

158 1133 282 1182 manubiis
293 1133 326 1182 ab
337 1149 368 1182 eo
379 1148 481 1183 censore
491 1149 516 1182 a.
530 1134 575 1183 108
587 1141 724 1184 exstructus
736 1134 767 1185 17
780 1149 810 1198 3²

128 1214 158 1275 Q.
170 1213 263 1263 Fabius
278 1215 411 1262 Maximus
432 1215 579 1264 Verrucosus
597 1215 708 1273 Oua'cula,
732 1216 867 1266 Cunctator
882 1215 925 1266 ille
945 1213 1129 1275 celeberrimus,

158 1294 191 1343 de
207 1307 258 1358 quo
274 1294 370 1344 Ennius
387 1299 466 1345 ‘unus
482 1295 559 1345 homo
578 1295 651 1345 nobis
671 1297 813 1346 cunctando
830 1295 936 1346 restituit
952 1294 1018 1345 mm’
1033 1310 1084 1345 cos.
1099 1307 1128 1346 V.

159 1390 182 1424 a.
206 1387 342 1440 233-209,
362 1374 501 1425 Tarentum
523 1376 624 1442 recepit,
644 1377 740 1427 bellum
758 1377 881 1428 Punicum
902 1376 1039 1428 secuudum
1059 1391 1129 1427 euer-

158 1455 235 1514 vavit‚
252 1455 285 1505 60
298 1471 330 1519 30

125 1535 222 1586 Fabius
230 1535 325 1600 fhruix
341 1551 412 1587 arcus
431 1542 470 1587 est
487 1535 556 1587 iuxta
574 1537 682 1602 Regiam
700 1536 728 1588 in
747 1553 818 1588 sacra
836 1536 878 1588 via
896 1537 948 1588 ima
963 1554 979 1588 a
995 1536 1029 1601 Q.
1048 1537 1130 1588 Fabio

159 1618 272 1668 Maximo
283 1625 437 1669 constructus
448 1619 481 1670 17
491 1633 522 1684 3²
910 1609 912 1613 Α

129 1700 208 1749 Gaius
214 1699 343 1751 Fabricius
353 1701 483 1762 Luscinus,
497 1717 547 1752 cos.
562 1717 586 1751 a.
604 1704 660 1760 282,
670 1702 726 1766 278,
739 1714 794 1764 273,
803 1700 966 1767 triumphavit
977 1701 1010 1751 de
1020 1700 1130 1751 Lucanis

159 1782 263 1833 Bruttiis
279 1781 433 1833 Samnitibus
449 1782 592 1833 Tarentinis
596 1800 606 1845 3
623 1783 758 1834 clarissima
774 1783 827 1833 eius
844 1783 878 1832 ad
897 1783 1020 1849 Pyrrhum
1036 1782 1130 1848 legatio

159 1863 192 1913 60
202 1866 233 1915 28

125 1944 245 1996 Flaccus:
259 1960 284 1994 v.
292 1960 312 1995 s.
330 1945 441 1995 iscaleiius
450 1953 476 1996 et
486 1946 595 1996 Laenius

126 2025 268 2074 Fiaminius
277 2027 364 2087 circus,
377 2042 393 2075 a
405 2026 433 2076 C.
448 2026 574 2076 Flaminio
585 2042 624 2084 eo,
637 2024 680 2090 qui
694 2026 728 2076 ad
742 2024 825 2075 lacum
834 2025 1017 2075 Trasumenum
1027 2023 1129 2082 occidit,

158 2106 281 2167 conditus,
305 2114 374 2156 extra
395 2114 494 2172 portam
517 2105 710 2167 Carmentalem,
731 2120 806 2170 saepe
827 2103 986 2155 contionibus
1006 2103 1130 2154 habendis

159 2186 306 2237 inserviebat
318 2188 350 2236 55
362 2203 393 2237 ar

130 2268 207 2316 Gaius
224 2268 329 2317 Flauius
343 2267 468 2325 Fimbria,
486 2267 564 2316 homo
579 2281 666 2328 novus,
686 2266 725 2315 vir
742 2267 838 2327 bonus;
860 2265 920 2316 satis
941 2264 1026 2329 magni
1046 2264 1129 2315 viret

159 2346 236 2396 animi
251 2353 278 2397 et
293 2346 391 2397 consilii
403 2345 434 2394 12
447 2361 486 2410 31,
505 2363 554 2398 cos.
569 2363 593 2396 a.
608 2363 662 2409 104,
681 2348 808 2397 tribunatu
824 2347 906 2414 plebis
922 2346 1068 2412 praeteritus
1080 2354 1126 2407 est,

160 2427 194 2491 Q.
206 2428 297 2478 Catulo
308 2428 334 2477 iu
345 2427 475 2478 consulatu
485 2429 595 2495 petendo
606 2429 730 2494 praelatus
741 2429 773 2477 52
787 2444 796 2478 1
801 2445 816 2494 3

127 2511 236 2561 Flavus:
251 2527 274 2560 v.
282 2526 302 2560 s.
314 2511 400 2575 Alfius

643 2693 668 2743 G

131 2804 209 2862 Gabii,
223 2803 385 2870 municipium
402 2805 528 2868 Latinum,
547 2807 631 2858 medio
653 2807 718 2858 inter
737 2808 845 2857 Romam
863 2814 888 2857 et
911 2808 1044 2857 Praeneste
1061 2805 1127 2856 loco.

161 2884 231 2935 Hinc
244 2885 340 2935 Gabina
351 2886 465 2937 vicinitas
476 2888 507 2936 23
519 2905 533 2952 3

127 2968 161 3015 A.
178 2964 297 3014 Gabinim
314 2972 345 3015 tr.
358 2968 393 3031 pl.
403 2984 424 3018 a.
440 2968 472 3030 67
489 2969 546 3019 tulit
556 2976 584 3020 ut
596 2970 643 3020 Cn.
665 2969 786 3034 Pompeio
801 2970 934 3035 imperium
953 2977 1040 3021 contra
1057 2985 1128 3036 prae·

160 3049 238 3100 dones
253 3050 391 3100 traderetur
399 3067 407 3111 ;
423 3065 481 3100 cum
496 3048 606 3100 Catilina
622 3057 648 3100 et
662 3050 755 3100 Clodio
773 3051 918 3101 coniunctus
935 3051 967 3102 ⁸7
978 3066 1025 3112 ²43
1040 3065 1093 3100 cos.
1104 3067 1127 3101 a.

160 3132 192 3190 58
211 3146 268 3180 cum
285 3131 382 3192 Pisone,
401 3147 423 3182 a.
447 3142 541 3195 57-55
563 3132 660 3194 Syriam
679 3133 869 3195 administravit,
882 3133 987 3199 pecunia
999 3138 1128 3198 corruptus

160 3224 199 3258 res
210 3208 360 3259 Iudaeorum
378 3217 404 3260 et
420 3210 602 3274 Aegyptiorum
618 3209 755 3270 constituit,
766 3211 900 3261 exercitum
916 3211 1028 3261 vendidit
1044 3210 1124 3271 8611,

161 3303 271 3338 reversus
281 3291 423 3353 maiestatis,
435 3291 635 3356 repetundarum,
649 3290 757 3342 ambitus
768 3299 896 3342 accusatus
906 3299 932 3342 et
942 3291 974 3341 de
984 3290 1127 3356 repetundis

160 3370 290 3418 damnatus
300 3377 345 3419 est.
