<?xml version="1.0" encoding="UTF-8"?>
<!DOCTYPE html PUBLIC "-//W3C//DTD XHTML 1.0 Transitional//EN"
    "http://www.w3.org/TR/xhtml1/DTD/xhtml1-transitional.dtd">
<html xmlns="http://www.w3.org/1999/xhtml" xml:lang="en" lang="en">
 <head>
  <title>
</title>
<meta http-equiv="Content-Type" content="text/html;charset=utf-8" />
  <meta name='ocr-system' content='tesseract 3.04.00' />
  <meta name='ocr-capabilities' content='ocr_page ocr_carea ocr_par ocr_line ocrx_word'/>
</head>
<body>
  <div class='ocr_page' id='page_1' title='image "./mtvlliciceronis01holdgoog/mtvlliciceronis01holdgoog_0272.png"; bbox 0 0 2406 3788; ppageno 0'>
   <div class='ocr_carea' id='block_1_1' title="bbox 116 207 1109 288">
    <p class='ocr_par' dir='ltr' id='par_1_1' title="bbox 116 207 1109 288">
     <span class='ocr_line' id='line_1_1' title="bbox 116 207 1109 288; baseline -0.002 -19"><span class='ocrx_word' id='word_1_1' title='bbox 116 213 130 284; x_wconf 64' lang='grc' dir='ltr'><strong>ἓ</strong></span> <span class='ocrx_word' id='word_1_2' title='bbox 144 207 211 288; x_wconf 85' lang='lat'>104]</span> <span class='ocrx_word' id='word_1_3' title='bbox 542 209 695 269; x_wconf 83' lang='lat' dir='ltr'><em>NOYES</em></span> <span class='ocrx_word' id='word_1_4' title='bbox 1053 230 1109 285; x_wconf 82' lang='lat'><em>²03</em></span> 
     </span>
    </p>
   </div>
   <div class='ocr_carea' id='block_1_2' title="bbox 113 337 1110 718">
    <p class='ocr_par' dir='ltr' id='par_1_2' title="bbox 113 337 1110 718">
     <span class='ocr_line' id='line_1_2' title="bbox 163 337 1109 400; baseline 0 -14"><span class='ocrx_word' id='word_1_5' title='bbox 163 341 182 386; x_wconf 89' lang='lat'><em>1.</em></span> <span class='ocrx_word' id='word_1_6' title='bbox 196 343 235 386; x_wconf 81' lang='lat'><em>1¹1.</em></span> <span class='ocrx_word' id='word_1_7' title='bbox 267 340 328 386; x_wconf 65' lang='lat' dir='ltr'><strong>istis</strong></span> <span class='ocrx_word' id='word_1_8' title='bbox 338 340 435 386; x_wconf 70' lang='lat' dir='ltr'>vestm</span> <span class='ocrx_word' id='word_1_9' title='bbox 444 340 561 386; x_wconf 66' lang='lat' dir='ltr'><em>lacrimis</em></span> <span class='ocrx_word' id='word_1_10' title='bbox 571 341 603 386; x_wconf 78' lang='lat' dir='ltr'><em>de</em></span> <span class='ocrx_word' id='word_1_11' title='bbox 614 340 669 386; x_wconf 74' lang='lat' dir='ltr'><em>ssus</em></span> <span class='ocrx_word' id='word_1_12' title='bbox 680 340 808 397; x_wconf 77' lang='lat' dir='ltr'><em>reoordor,</em></span> <span class='ocrx_word' id='word_1_13' title='bbox 823 350 890 396; x_wconf 73' lang='lat' dir='ltr'><em>quau</em></span> <span class='ocrx_word' id='word_1_14' title='bbox 901 337 964 398; x_wconf 63' lang='lat' dir='ltr'><em>m]</em></span> <span class='ocrx_word' id='word_1_15' title='bbox 983 337 1028 400; x_wconf 84' lang='lat' dir='ltr'><em>‘by</em></span> <span class='ocrx_word' id='word_1_16' title='bbox 1040 337 1109 386; x_wconf 83' lang='lat' dir='ltr'>those</span> 
     </span>
     <span class='ocr_line' id='line_1_3' title="bbox 117 400 1109 465; baseline 0.002 -17"><span class='ocrx_word' id='word_1_17' title='bbox 117 408 180 449; x_wconf 83' lang='lat' dir='ltr'>tears</span> <span class='ocrx_word' id='word_1_18' title='bbox 195 401 224 450; x_wconf 84' lang='lat' dir='ltr'><em>of</em></span> <span class='ocrx_word' id='word_1_19' title='bbox 238 417 311 465; x_wconf 85' lang='lat' dir='ltr'>yours</span> <span class='ocrx_word' id='word_1_20' title='bbox 329 402 342 450; x_wconf 94' lang='lat'>1</span> <span class='ocrx_word' id='word_1_21' title='bbox 359 418 399 450; x_wconf 82' lang='lat' dir='ltr'><em>am</em></span> <span class='ocrx_word' id='word_1_22' title='bbox 416 401 543 450; x_wconf 88' lang='lat' dir='ltr'>reminded</span> <span class='ocrx_word' id='word_1_23' title='bbox 559 402 592 461; x_wconf 83' lang='lat' dir='ltr'><em>of,</em></span> <span class='ocrx_word' id='word_1_24' title='bbox 611 402 624 450; x_wconf 94' lang='lat'>1</span> <span class='ocrx_word' id='word_1_25' title='bbox 640 402 712 450; x_wconf 74' lang='lat' dir='ltr'><strong>think</strong></span> <span class='ocrx_word' id='word_1_26' title='bbox 723 417 799 465; x_wconf 87' lang='lat' dir='ltr'>upon,</span> <span class='ocrx_word' id='word_1_27' title='bbox 813 402 856 451; x_wconf 91' lang='lat' dir='ltr'><em>the</em></span> <span class='ocrx_word' id='word_1_28' title='bbox 867 401 950 450; x_wconf 88' lang='lat' dir='ltr'><strong>others</strong></span> <span class='ocrx_word' id='word_1_29' title='bbox 960 401 1042 450; x_wconf 88' lang='lat' dir='ltr'>which</span> <span class='ocrx_word' id='word_1_30' title='bbox 1053 400 1109 450; x_wconf 87' lang='lat' dir='ltr'>etc.’</span> 
     </span>
     <span class='ocr_line' id='line_1_4' title="bbox 117 465 1106 530; baseline 0 -17"><span class='ocrx_word' id='word_1_31' title='bbox 117 465 156 513; x_wconf 79' lang='lat' dir='ltr'><em>Cf.</em></span> <span class='ocrx_word' id='word_1_32' title='bbox 166 481 202 513; x_wconf 92' lang='lat' dir='ltr'><em>or.</em></span> <span class='ocrx_word' id='word_1_33' title='bbox 214 481 240 528; x_wconf 90' lang='lat' dir='ltr'><em>p.</em></span> <span class='ocrx_word' id='word_1_34' title='bbox 253 465 316 515; x_wconf 85' lang='lat' dir='ltr'><strong>Sest.</strong></span> <span class='ocrx_word' id='word_1_35' title='bbox 332 467 346 523; x_wconf 65' lang='grc' dir='ltr'><strong>ξ</strong></span> <span class='ocrx_word' id='word_1_36' title='bbox 361 481 371 515; x_wconf 84' lang='grc' dir='ltr'><strong>ι</strong></span> <span class='ocrx_word' id='word_1_37' title='bbox 384 466 413 514; x_wconf 84' lang='grc' dir='ltr'><em>αἰ</em></span> <span class='ocrx_word' id='word_1_38' title='bbox 422 466 500 514; x_wconf 82' lang='lat' dir='ltr'><em>unius</em></span> <span class='ocrx_word' id='word_1_39' title='bbox 510 466 627 530; x_wconf 83' lang='lat' dir='ltr'><em>cuiusque</em></span> <span class='ocrx_word' id='word_1_40' title='bbox 640 481 698 514; x_wconf 86' lang='lat' dir='ltr'><em>casu</em></span> <span class='ocrx_word' id='word_1_41' title='bbox 712 467 837 529; x_wconf 79' lang='lat' dir='ltr'><em>cogitando</em></span> <span class='ocrx_word' id='word_1_42' title='bbox 853 465 1013 524; x_wconf 80' lang='lat' dir='ltr'><em>recordari,</em></span> <span class='ocrx_word' id='word_1_43' title='bbox 1031 481 1066 514; x_wconf 92' lang='lat' dir='ltr'><em>or.</em></span> <span class='ocrx_word' id='word_1_44' title='bbox 1081 481 1106 528; x_wconf 92' lang='lat' dir='ltr'><em>p.</em></span> 
     </span>
     <span class='ocr_line' id='line_1_5' title="bbox 115 529 1108 594; baseline 0 -18"><span class='ocrx_word' id='word_1_45' title='bbox 115 529 198 591; x_wconf 85' lang='lat' dir='ltr'><strong>Ligar.</strong></span> <span class='ocrx_word' id='word_1_46' title='bbox 210 531 224 587; x_wconf 68' lang='lat'>5</span> <span class='ocrx_word' id='word_1_47' title='bbox 236 541 265 590; x_wconf 80' lang='lat'><em>35</em></span> <span class='ocrx_word' id='word_1_48' title='bbox 277 537 300 578; x_wconf 78' lang='lat' dir='ltr'><em>te</em></span> <span class='ocrx_word' id='word_1_49' title='bbox 310 529 412 594; x_wconf 79' lang='lat' dir='ltr'><em>aliquid</em></span> <span class='ocrx_word' id='word_1_50' title='bbox 418 531 447 578; x_wconf 84' lang='lat' dir='ltr'><em>de</em></span> <span class='ocrx_word' id='word_1_51' title='bbox 457 530 532 578; x_wconf 78' lang='lat' dir='ltr'><em>huius</em></span> <span class='ocrx_word' id='word_1_52' title='bbox 542 531 585 579; x_wconf 79' lang='lat' dir='ltr'><em>illo</em></span> <span class='ocrx_word' id='word_1_53' title='bbox 594 530 728 593; x_wconf 67' lang='lat' dir='ltr'><em>quaestorh</em></span> <span class='ocrx_word' id='word_1_54' title='bbox 742 530 816 592; x_wconf 84' lang='lat' dir='ltr'><em>officio</em></span> <span class='ocrx_word' id='word_1_55' title='bbox 832 530 995 589; x_wconf 82' lang='lat' dir='ltr'><em>recordari,</em></span> <span class='ocrx_word' id='word_1_56' title='bbox 1010 529 1042 578; x_wconf 90' lang='lat' dir='ltr'><em>de</em></span> <span class='ocrx_word' id='word_1_57' title='bbox 1057 530 1108 578; x_wconf 88' lang='lat' dir='ltr'><strong>inv.</strong></span> 
     </span>
     <span class='ocr_line' id='line_1_6' title="bbox 116 593 1110 658; baseline 0.001 -18"><span class='ocrx_word' id='word_1_58' title='bbox 116 604 126 640; x_wconf 95' lang='lat'>1</span> <span class='ocrx_word' id='word_1_59' title='bbox 142 595 155 651; x_wconf 69' lang='lat'><strong>5</strong></span> <span class='ocrx_word' id='word_1_60' title='bbox 177 596 221 642; x_wconf 82' lang='lat'><em>108</em></span> <span class='ocrx_word' id='word_1_61' title='bbox 232 595 342 656; x_wconf 79' lang='lat' dir='ltr'><em>petimus</em></span> <span class='ocrx_word' id='word_1_62' title='bbox 360 600 391 643; x_wconf 85' lang='lat' dir='ltr'><em>ut</em></span> <span class='ocrx_word' id='word_1_63' title='bbox 405 595 434 642; x_wconf 86' lang='lat' dir='ltr'><em>de</em></span> <span class='ocrx_word' id='word_1_64' title='bbox 450 594 505 642; x_wconf 82' lang='lat' dir='ltr'><em>suis</em></span> <span class='ocrx_word' id='word_1_65' title='bbox 523 594 604 642; x_wconf 83' lang='lat' dir='ltr'><em>liberis</em></span> <span class='ocrx_word' id='word_1_66' title='bbox 620 600 667 643; x_wconf 86' lang='lat' dir='ltr'><em>aut</em></span> <span class='ocrx_word' id='word_1_67' title='bbox 680 594 829 656; x_wconf 81' lang='lat' dir='ltr'><em>parenlibus</em></span> <span class='ocrx_word' id='word_1_68' title='bbox 846 601 894 643; x_wconf 82' lang='lat' dir='ltr'><em>aut</em></span> <span class='ocrx_word' id='word_1_69' title='bbox 908 595 991 658; x_wconf 76' lang='lat' dir='ltr'><em>aliquo</em></span> <span class='ocrx_word' id='word_1_70' title='bbox 1008 593 1054 658; x_wconf 83' lang='lat' dir='ltr'><em>qui</em></span> <span class='ocrx_word' id='word_1_71' title='bbox 1069 594 1110 642; x_wconf 83' lang='lat' dir='ltr'><em>illi</em></span> 
     </span>
     <span class='ocr_line' id='line_1_7' title="bbox 113 657 796 718; baseline 0.001 -14"><span class='ocrx_word' id='word_1_72' title='bbox 113 657 193 705; x_wconf 82' lang='lat' dir='ltr'><em>debeat</em></span> <span class='ocrx_word' id='word_1_73' title='bbox 202 673 276 706; x_wconf 84' lang='lat' dir='ltr'><em>carus</em></span> <span class='ocrx_word' id='word_1_74' title='bbox 286 674 340 717; x_wconf 82' lang='lat' dir='ltr'><em>esse,</em></span> <span class='ocrx_word' id='word_1_75' title='bbox 354 674 398 708; x_wconf 86' lang='lat' dir='ltr'><em>nos</em></span> <span class='ocrx_word' id='word_1_76' title='bbox 408 674 463 706; x_wconf 87' lang='lat' dir='ltr'><em>cum</em></span> <span class='ocrx_word' id='word_1_77' title='bbox 474 659 582 718; x_wconf 70' lang='lat' dir='ltr'><em>vedeant,</em></span> <span class='ocrx_word' id='word_1_78' title='bbox 596 659 796 707; x_wconf 82' lang='lat' dir='ltr'><em>recordentur.</em></span> 
     </span>
    </p>
   </div>
   <div class='ocr_carea' id='block_1_3' title="bbox 112 771 1108 1156">
    <p class='ocr_par' dir='ltr' id='par_1_3' title="bbox 112 771 1108 1156">
     <span class='ocr_line' id='line_1_8' title="bbox 161 771 1107 838; baseline -0.001 -17"><span class='ocrx_word' id='word_1_79' title='bbox 161 775 178 820; x_wconf 78' lang='lat'>1</span> <span class='ocrx_word' id='word_1_80' title='bbox 192 777 230 821; x_wconf 77' lang='lat'><em>1⁸.</em></span> <span class='ocrx_word' id='word_1_81' title='bbox 264 784 342 831; x_wconf 75' lang='lat' dir='ltr'><strong>saepo</strong></span> <span class='ocrx_word' id='word_1_82' title='bbox 353 777 382 822; x_wconf 68' lang='lat' dir='ltr'><em>et</em></span> <span class='ocrx_word' id='word_1_83' title='bbox 391 773 515 834; x_wconf 71' lang='lat' dir='ltr'><strong>multum]</strong></span> <span class='ocrx_word' id='word_1_84' title='bbox 531 778 619 838; x_wconf 85' lang='lat' dir='ltr'>‘many</span> <span class='ocrx_word' id='word_1_85' title='bbox 629 789 644 822; x_wconf 84' lang='lat' dir='ltr'>a</span> <span class='ocrx_word' id='word_1_86' title='bbox 655 773 715 822; x_wconf 80' lang='lat' dir='ltr'><strong>time</strong></span> <span class='ocrx_word' id='word_1_87' title='bbox 725 774 775 821; x_wconf 84' lang='lat' dir='ltr'><em>and</em></span> <span class='ocrx_word' id='word_1_88' title='bbox 786 771 834 822; x_wconf 78' lang='lat' dir='ltr'>ost&#39;</span> <span class='ocrx_word' id='word_1_89' title='bbox 845 779 896 831; x_wconf 83' lang='lat' dir='ltr'>not,</span> <span class='ocrx_word' id='word_1_90' title='bbox 908 789 935 821; x_wconf 87' lang='lat' dir='ltr'><em>as</em></span> <span class='ocrx_word' id='word_1_91' title='bbox 946 773 1019 833; x_wconf 66' lang='lat' dir='ltr'>Lo&#39;ng</span> <span class='ocrx_word' id='word_1_92' title='bbox 1030 779 1107 820; x_wconf 80' lang='lat' dir='ltr'><strong>trans·</strong></span> 
     </span>
     <span class='ocr_line' id='line_1_9' title="bbox 114 835 1108 902; baseline 0.003 -20"><span class='ocrx_word' id='word_1_93' title='bbox 114 835 175 883; x_wconf 81' lang='lat' dir='ltr'><strong>lates</strong></span> <span class='ocrx_word' id='word_1_94' title='bbox 187 837 213 894; x_wconf 85' lang='lat' dir='ltr'><em>it,</em></span> <span class='ocrx_word' id='word_1_95' title='bbox 231 837 310 886; x_wconf 78' lang='lat' dir='ltr'>‘often</span> <span class='ocrx_word' id='word_1_96' title='bbox 321 839 371 886; x_wconf 86' lang='lat' dir='ltr'><em>and</em></span> <span class='ocrx_word' id='word_1_97' title='bbox 383 836 528 902; x_wconf 85' lang='lat' dir='ltr'>copiously.’</span> <span class='ocrx_word' id='word_1_98' title='bbox 560 838 600 887; x_wconf 85' lang='lat' dir='ltr'><em>cf.</em></span> <span class='ocrx_word' id='word_1_99' title='bbox 616 837 649 886; x_wconf 83' lang='lat' dir='ltr'><em>de</em></span> <span class='ocrx_word' id='word_1_100' title='bbox 666 839 730 901; x_wconf 79' lang='lat' dir='ltr'><strong>legg.</strong></span> <span class='ocrx_word' id='word_1_101' title='bbox 752 849 785 886; x_wconf 84' lang='lat'><em>111</em></span> <span class='ocrx_word' id='word_1_102' title='bbox 804 840 817 896; x_wconf 69' lang='lat'><strong>5</strong></span> <span class='ocrx_word' id='word_1_103' title='bbox 835 852 865 899; x_wconf 82' lang='lat'><em>33</em></span> <span class='ocrx_word' id='word_1_104' title='bbox 882 838 910 885; x_wconf 82' lang='lat' dir='ltr'><em>in</em></span> <span class='ocrx_word' id='word_1_105' title='bbox 924 854 951 886; x_wconf 82' lang='lat' dir='ltr'><em>re</em></span> <span class='ocrx_word' id='word_1_106' title='bbox 966 837 1064 901; x_wconf 82' lang='lat' dir='ltr'><em>difficili</em></span> <span class='ocrx_word' id='word_1_107' title='bbox 1079 854 1108 885; x_wconf 85' lang='lat' dir='ltr'><em>ac</em></span> 
     </span>
     <span class='ocr_line' id='line_1_10' title="bbox 114 901 1107 965; baseline 0.002 -19"><span class='ocrx_word' id='word_1_108' title='bbox 114 901 242 948; x_wconf 86' lang='lat' dir='ltr'><em>multum</em></span> <span class='ocrx_word' id='word_1_109' title='bbox 252 908 279 949; x_wconf 82' lang='lat' dir='ltr'><em>e!</em></span> <span class='ocrx_word' id='word_1_110' title='bbox 288 909 369 962; x_wconf 74' lang='lat' dir='ltr'><em>saepe</em></span> <span class='ocrx_word' id='word_1_111' title='bbox 378 903 496 965; x_wconf 78' lang='lat' dir='ltr'><em>quaesita,</em></span> <span class='ocrx_word' id='word_1_112' title='bbox 509 901 541 950; x_wconf 87' lang='lat' dir='ltr'><em>de</em></span> <span class='ocrx_word' id='word_1_113' title='bbox 552 901 602 950; x_wconf 86' lang='lat' dir='ltr'>inv.</span> <span class='ocrx_word' id='word_1_114' title='bbox 616 913 625 950; x_wconf 86' lang='lat'>1</span> <span class='ocrx_word' id='word_1_115' title='bbox 637 903 650 960; x_wconf 65' lang='grc' dir='ltr'><strong>ἕ</strong></span> <span class='ocrx_word' id='word_1_116' title='bbox 665 917 674 948; x_wconf 88' lang='lat'>1</span> <span class='ocrx_word' id='word_1_117' title='bbox 693 909 776 964; x_wconf 80' lang='lat' dir='ltr'><em>saepe</em></span> <span class='ocrx_word' id='word_1_118' title='bbox 784 909 811 949; x_wconf 85' lang='lat' dir='ltr'><em>et</em></span> <span class='ocrx_word' id='word_1_119' title='bbox 820 902 946 950; x_wconf 83' lang='lat' dir='ltr'><em>multum</em></span> <span class='ocrx_word' id='word_1_120' title='bbox 959 901 1003 949; x_wconf 80' lang='lat' dir='ltr'><em>hoc</em></span> <span class='ocrx_word' id='word_1_121' title='bbox 1016 917 1107 950; x_wconf 82' lang='lat' dir='ltr'><em>mecum</em></span> 
     </span>
     <span class='ocr_line' id='line_1_11' title="bbox 113 964 1107 1028; baseline 0.005 -19"><span class='ocrx_word' id='word_1_122' title='bbox 113 964 222 1024; x_wconf 76' lang='lat' dir='ltr'><em>cogitavi,</em></span> <span class='ocrx_word' id='word_1_123' title='bbox 236 980 270 1013; x_wconf 91' lang='lat' dir='ltr'><em>or.</em></span> <span class='ocrx_word' id='word_1_124' title='bbox 285 980 310 1028; x_wconf 82' lang='lat' dir='ltr'><em>p.</em></span> <span class='ocrx_word' id='word_1_125' title='bbox 325 965 425 1027; x_wconf 85' lang='lat' dir='ltr'>Quinct.</span> <span class='ocrx_word' id='word_1_126' title='bbox 437 968 451 1025; x_wconf 64' lang='grc' dir='ltr'>ξ</span> <span class='ocrx_word' id='word_1_127' title='bbox 462 982 476 1028; x_wconf 82' lang='lat'>3</span> <span class='ocrx_word' id='word_1_128' title='bbox 488 967 516 1014; x_wconf 80' lang='lat' dir='ltr'><em>in</em></span> <span class='ocrx_word' id='word_1_129' title='bbox 527 965 573 1015; x_wconf 77' lang='lat' dir='ltr'><em>hac</em></span> <span class='ocrx_word' id='word_1_130' title='bbox 582 981 655 1013; x_wconf 83' lang='lat' dir='ltr'><em>causa</em></span> <span class='ocrx_word' id='word_1_131' title='bbox 671 966 801 1015; x_wconf 78' lang='lat' dir='ltr'><em>multum</em></span> <span class='ocrx_word' id='word_1_132' title='bbox 815 972 936 1027; x_wconf 75' lang='lat' dir='ltr'><em>elsaepe</em></span> <span class='ocrx_word' id='word_1_133' title='bbox 946 972 1060 1024; x_wconf 59' lang='lat' dir='ltr'><em>versatum,</em></span> <span class='ocrx_word' id='word_1_134' title='bbox 1075 966 1107 1014; x_wconf 90' lang='lat' dir='ltr'><em>de</em></span> 
     </span>
     <span class='ocr_line' id='line_1_12' title="bbox 113 1027 1106 1095; baseline 0.005 -22"><span class='ocrx_word' id='word_1_135' title='bbox 113 1027 154 1074; x_wconf 81' lang='lat' dir='ltr'><em>off.</em></span> <span class='ocrx_word' id='word_1_136' title='bbox 168 1040 189 1076; x_wconf 89' lang='lat'><em>11</em></span> <span class='ocrx_word' id='word_1_137' title='bbox 201 1029 215 1086; x_wconf 62' lang='grc' dir='ltr'><strong>ἕ</strong></span> <span class='ocrx_word' id='word_1_138' title='bbox 227 1029 287 1078; x_wconf 78' lang='lat'><strong>201·</strong></span> <span class='ocrx_word' id='word_1_139' title='bbox 300 1045 340 1090; x_wconf 81' lang='lat'><em>²4·</em></span> <span class='ocrx_word' id='word_1_140' title='bbox 370 1029 408 1078; x_wconf 85' lang='lat' dir='ltr'><em>Cf.</em></span> <span class='ocrx_word' id='word_1_141' title='bbox 420 1030 462 1078; x_wconf 87' lang='lat' dir='ltr'><em>the</em></span> <span class='ocrx_word' id='word_1_142' title='bbox 473 1030 574 1094; x_wconf 84' lang='lat' dir='ltr'>phrases</span> <span class='ocrx_word' id='word_1_143' title='bbox 586 1031 692 1078; x_wconf 77' lang='lat' dir='ltr'><em>mullum</em></span> <span class='ocrx_word' id='word_1_144' title='bbox 703 1036 726 1079; x_wconf 81' lang='lat' dir='ltr'><em>et</em></span> <span class='ocrx_word' id='word_1_145' title='bbox 736 1031 789 1087; x_wconf 81' lang='lat' dir='ltr'><em>diu,</em></span> <span class='ocrx_word' id='word_1_146' title='bbox 798 1030 843 1078; x_wconf 83' lang='lat' dir='ltr'><em>diu</em></span> <span class='ocrx_word' id='word_1_147' title='bbox 854 1030 1015 1095; x_wconf 81' lang='lat' dir='ltr'><em>multumque,</em></span> <span class='ocrx_word' id='word_1_148' title='bbox 1024 1029 1106 1078; x_wconf 83' lang='lat' dir='ltr'>which</span> 
     </span>
     <span class='ocr_line' id='line_1_13' title="bbox 112 1094 453 1156; baseline 0.021 -18"><span class='ocrx_word' id='word_1_149' title='bbox 112 1105 154 1140; x_wconf 84' lang='lat' dir='ltr'><em>are</em></span> <span class='ocrx_word' id='word_1_150' title='bbox 164 1108 222 1156; x_wconf 87' lang='lat' dir='ltr'><em>very</em></span> <span class='ocrx_word' id='word_1_151' title='bbox 235 1108 350 1142; x_wconf 90' lang='lat' dir='ltr'>common</span> <span class='ocrx_word' id='word_1_152' title='bbox 362 1094 388 1142; x_wconf 88' lang='lat' dir='ltr'><em>in</em></span> <span class='ocrx_word' id='word_1_153' title='bbox 400 1094 453 1145; x_wconf 87' lang='lat' dir='ltr'><strong>Cic.</strong></span> 
     </span>
    </p>
   </div>
   <div class='ocr_carea' id='block_1_4' title="bbox 470 2021 759 2062">
    <p class='ocr_par' dir='ltr' id='par_1_4' title="bbox 470 2021 759 2062">
     <span class='ocr_line' id='line_1_14' title="bbox 470 2021 759 2062; baseline 0.007 -2"><span class='ocrx_word' id='word_1_154' title='bbox 470 2021 528 2060; x_wconf 69' lang='lat' dir='ltr'><em>Exn</em></span> <span class='ocrx_word' id='word_1_155' title='bbox 544 2022 579 2062; x_wconf 73' lang='lat' dir='ltr'><em>OF</em></span> <span class='ocrx_word' id='word_1_156' title='bbox 595 2023 654 2062; x_wconf 81' lang='lat' dir='ltr'><em>THE</em></span> <span class='ocrx_word' id='word_1_157' title='bbox 671 2023 759 2062; x_wconf 69' lang='lat' dir='ltr'><em>nom</em></span> 
     </span>
    </p>
   </div>
   <div class='ocr_carea' id='block_1_5' title="bbox 0 0 1208 3788">
    <p class='ocr_par' dir='ltr' id='par_1_5' title="bbox 0 0 1208 3788">
     <span class='ocr_line' id='line_1_15' title="bbox 0 0 1208 3788; baseline 0 5"><span class='ocrx_word' id='word_1_158' title='bbox 0 0 1208 3788; x_wconf 95' lang='lat' dir='ltr'><em> </em></span> 
     </span>
    </p>
   </div>
  </div>
 </body>
</html>
