2406 3788
106 202 188 285 tn]
531 207 683 267 noras
1046 208 1101 280 165

153 335 172 381 1.
196 338 234 383 ³³.
268 336 340 384 mora
362 336 394 384 de
416 338 515 394 sorpto
534 334 587 395 eat]
615 336 682 383 ‘was
701 334 826 384 delivered
845 333 909 384 from
927 330 983 383 ras)
1016 333 1105 383 Cicero

105 398 215 447 reminds
226 399 269 447 the
279 407 348 448 court
359 399 388 447 of
396 400 445 448 this
456 401 482 447 in
493 400 566 448 order
580 407 607 449 to
617 401 717 449 obviate
731 401 774 449 the
791 400 916 462 objection
929 400 982 448 that
994 399 1061 447 what
1073 399 1105 447 he

105 462 221 512 had‘said
232 463 261 511 of
270 464 385 512 Plancius
396 465 422 512 in
437 464 490 512 that
502 464 599 512 oration
610 480 661 512 was
676 480 691 512 a
702 465 860 528 supplement
874 464 958 512 added
969 463 1036 512 since
1047 470 1103 510 tem-

100 528 173 589 paris
187 543 269 578 eausa.
305 527 346 576 On
358 527 401 576 tbe
417 536 514 577 custom
529 528 559 576 os
571 528 709 592 delivering
724 531 822 577 written
838 529 949 577 orations
971 528 1004 576 cs.
1020 543 1056 576 ora
1075 543 1101 591 p.

102 592 259 658 Sest.§129,
273 608 310 642 or.
322 594 478 654 Phil.x§5‚
493 593 525 643 de
536 596 713 655 orat.1§152‚
725 610 764 658 ep.
779 594 811 642 ad
822 594 964 655 famxr3,
981 608 1003 644 r.

149 687 226 733 homo
237 683 355 744 astutus]
365 682 501 746 ironieally.

150 784 181 828 ι’.
202 783 251 834 81,
268 780 288 826 1.
306 783 329 827 1.
364 781 390 825 et
406 790 448 826 me
467 779 601 832 dedebam,
619 775 672 836 cui]
692 775 721 824 ⁸1
737 774 844 824 devoted
859 772 951 837 mysell
964 779 991 822 to
1008 788 1056 822 one
1073 779 1101 822 to

102 844 186 893 whom
204 840 261 892 etc.'
294 842 334 890 Cf.
350 843 382 891 de
399 842 446 905 leg.
467 854 489 890 11
509 845 522 901 5
542 858 554 904 5
568 850 617 904 pro
633 856 683 904 qua
702 840 801 904 (patria)
820 839 885 886 mari
900 845 923 886 et
934 839 977 885 cui
986 854 1031 885 nas
1043 844 1101 886 totos
1185 841 1187 846 “

102 909 204 957 dedere
220 907 338 964 debemus,
357 907 389 956 de
407 923 457 970 rep.
474 908 521 965 115
537 921 545 954 1
559 908 601 954 cui
617 906 728 965 (Catoni)
746 921 784 952 me
799 910 876 951 tottam
892 903 923 950 ab
938 902 1100 951 adulescentia

102 973 214 1021 deditii.
248 972 362 1020 Deberem
374 971 395 1020 is
406 970 563 1021 consecutive
573 969 729 1033 subjunctive
741 968 800 1016 with
812 970 861 1017 cui.

147 1063 166 1109 1.
186 1065 210 1108 2.
243 1062 398 1107 servitutem
419 1062 695 1115 ademuebm=me
715 1059 861 1108 servitute
883 1056 1093 1120 astringebam:

99 1140 127 1173 so
138 1124 301 1186 astringere
308 1123 460 1186 periurium,
461 1122 540 1187 fidem
550 1124 635 1171 stands
644 1124 682 1171 ior
690 1124 823 1185 astringere
832 1124 939 1185 ala'quern
944 1123 1064 1184 periuria,
1071 1138 1094 1171 se

90 1189 147 1254 fide
156 1189 182 1236 in
193 1189 224 1236 de
236 1187 277 1236 off.
292 1199 324 1235 111
341 1203 392 1246 111,
412 1202 463 1250 ¹13·
496 1188 639 1236 Translate:
653 1189 678 1236 ‘I
690 1188 773 1236 scaled
786 1187 830 1251 (lit.
845 1187 929 1235 bound
941 1185 1040 1249 tighterl
1053 1201 1096 1249 my

100 1253 236 1317 obligation
251 1251 288 1300 ior
302 1251 351 1300 this
365 1259 434 1315 great
449 1252 541 1300 service
557 1253 590 1314 by
606 1268 621 1301 a
639 1252 772 1315 testimony
790 1252 872 1301 which
888 1251 977 1299 should
994 1253 1041 1298 last
1058 1251 1096 1298 ior

100 1316 175 1366 even’
208 1317 259 1364 For
269 1316 311 1364 the
321 1317 429 1379 genitive
439 1316 515 1380 ‹ffeii
525 1315 555 1365 cs.
565 1333 590 1365 n.
602 1324 628 1365 to
639 1319 653 1376 ξ
666 1329 695 1377 72
707 1317 724 1364 1.
733 1331 761 1380 53
779 1318 826 1365 and
842 1317 880 1364 ior
890 1317 932 1365 the
944 1316 1060 1379 meaning
1070 1314 1100 1364 of

100 1381 271 1444 astringebam,
285 1396 321 1429 or.
334 1396 358 1445 p.
371 1381 494 1442 Quinct.§
506 1395 534 1445 19
543 1382 700 1444 disciplinam
710 1382 759 1445 lege
768 1383 910 1444 astringere.

145 1484 165 1530 1.
182 1487 205 1530 3.
237 1484 298 1530 nolo
309 1479 551 1540 consa-reaten]
568 1481 695 1530 suffecerat
706 1481 773 1530 enim
784 1482 816 1530 de
827 1498 857 1530 ea
873 1481 983 1530 oratione
995 1481 1093 1539 dixisse,

98 1562 148 1610 qua
166 1546 207 1594 vel
226 1545 321 1594 senatui
340 1546 380 1594 vel
399 1546 492 1610 populo
511 1545 602 1608 gratias
616 1547 675 1608 egit.
709 1547 783 1594 Nunc
797 1554 880 1594 autem
898 1555 923 1595 et
938 1547 971 1594 de
984 1548 1095 1596 versibus

98 1612 148 1660 suis
165 1609 245 1658 iacere
267 1609 418 1657 mentionem
439 1609 543 1668 videtur,
567 1625 630 1673 quos
651 1609 851 1673 intempestivum
874 1611 905 1658 sit
932 1610 958 1658 in
984 1611 1093 1658 iudiciali

98 1674 270 1723 dissertatione
282 1675 391 1723 recitare.
429 1674 489 1721 Non
500 1673 581 1736 potuit
596 1681 680 1721 tamen
695 1674 721 1721 in
737 1683 816 1721 totum
827 1675 859 1722 de
870 1674 891 1722 is
902 1682 990 1724 tacere.
1025 1675 1094 1723 Nam

98 1739 130 1788 de
149 1739 278 1787 consulatu
299 1753 344 1785 suo
366 1736 463 1801 scripsit
485 1738 583 1800 poetico
605 1748 692 1796 metro,
717 1753 781 1800 quae
803 1738 864 1786 mihi
885 1738 1001 1786 videntur
1017 1755 1094 1803 opera

98 1805 179 1852 minus
195 1803 271 1866 digna
288 1802 344 1850 talis
361 1801 406 1850 viri
423 1805 531 1850 nomine.
565 1813 664 1852 seston.
683 1814 743 1851 Bon.
780 1803 868 1851 Cicero
885 1811 961 1851 wrote
977 1804 1093 1852 memoirs

98 1869 127 1918 of
141 1868 180 1916 his
199 1867 341 1930 consulship
360 1866 386 1914 in
404 1866 487 1915 Greek
505 1867 580 1915 Prose
597 1866 623 1914 in
638 1878 693 1917 tae.
715 1867 748 1916 60
768 1867 818 1930 (ep.
835 1867 867 1914 ad
885 1870 967 1916 Att.·1
988 1881 1017 1931 19
1032 1869 1046 1926 5
1064 1882 1093 1916 10

97 1933 299 1981 commentarium
315 1931 455 1978 consulatus
473 1931 523 1978 mei
541 1933 628 1979 Graece
642 1932 800 1993 compositum
823 1932 884 1979 misi
902 1932 938 1979 ad
956 1929 987 1995 te)
1006 1932 1056 1981 and
1075 1948 1091 1981 a

98 1997 173 2045 Latin
185 2011 259 2060 poem
270 2010 303 2043 on
315 1995 357 2044 the
369 2011 436 2043 same
447 1995 530 2044 theme
541 1995 567 2042 in
579 1996 647 2044 three
659 2004 733 2060 parts,
745 2011 761 2043 a
772 1995 893 2059 fragment
905 1996 934 2044 of
947 1996 989 2045 the
1000 1996 1092 2045 second

97 2061 126 2110 of
140 2060 230 2119 which,
251 2060 386 2122 consisting
403 2059 432 2108 oi
451 2062 481 2122 78
497 2060 658 2120 hexameters,
675 2060 696 2108 is
713 2061 805 2123 quoted
822 2061 848 2108 in
866 2061 897 2108 de
913 2060 963 2109 div.
982 2072 992 2108 1
1009 2076 1031 2111 c.
1048 2077 1092 2110 11:
1117 2095 1119 2099 .

96 2127 150 2174 also
162 2126 227 2173 what
239 2139 289 2172 was
301 2124 422 2188 probably
433 2140 449 2172 a
465 2124 636 2173 continuation
652 2123 681 2172 oi
694 2124 743 2173 this
759 2124 786 2173 in
802 2125 872 2173 three
889 2125 973 2174 Books
988 2125 1017 2172 de
1033 2131 1091 2174 tem·

90 2190 193 2254 poribus
208 2190 262 2237 suis
280 2198 306 2237 to
324 2188 404 2237 which
419 2189 451 2237 he
470 2189 546 2237 refers
558 2189 584 2236 in
603 2204 643 2252 ep.
659 2188 692 2237 ad
706 2189 789 2237 iamt
806 2203 820 2253 9
836 2190 849 2248 5
865 2204 895 2253 ²3
913 2190 1001 2253 scripsi
1017 2190 1093 2238 etiam

96 2255 204 2304 versibus
214 2261 262 2302 tres
272 2254 347 2302 libras
357 2254 390 2301 de
404 2254 583 2316 temporibus
599 2253 682 2309 meis,
695 2269 754 2318 quas
767 2254 818 2301 iam
829 2255 926 2317 pridem
937 2255 1003 2302 mite
1012 2256 1091 2311 misis-

94 2336 153 2376 sem,
175 2320 199 2368 si
213 2335 269 2368 -erse
288 2319 387 2367 edendos
402 2324 619 2381 putassem-sunt
639 2319 705 2367 enim
726 2325 792 2368 testes
812 2327 836 2368 et
855 2326 931 2367 erunt
951 2319 1096 2382 sempiterni

96 2385 238 2434 sturitarum
249 2399 308 2446 erga
319 2398 357 2430 me
365 2389 465 2431 tuomm
477 2399 590 2445 meaeque.
594 2383 734 2446 pietatis-,
745 2384 794 2441 sed,
805 2384 865 2447 quia
875 2384 976 2433 verebar
985 2400 1035 2433 nan
1046 2401 1091 2442 eas,

95 2450 177 2514 quise
192 2450 267 2496 laesas
283 2446 589 2496 arbitrarentur—etenim
606 2447 635 2495 id
640 2447 696 2511 feei
706 2455 782 2511 parce
796 2455 820 2496 et
836 2449 982 2508 molliter-,
996 2448 1039 2496 sed
1046 2465 1090 2504 eas,

94 2529 154 2578 quas
172 2519 225 2562 erat
243 2511 376 2575 infinitam
395 2512 452 2559 bene
471 2512 501 2560 de
521 2528 559 2560 me
579 2513 675 2560 nten'tos
695 2512 775 2560 antitis
796 2515 925 2561 rrann'nare
940 2510 954 2536 ⁴
972 2510 987 2536 ⁴
996 2530 1007 2569 ,·
1033 2529 1092 2576 quos

95 2586 177 2626 tamen
192 2578 255 2640 ipms
270 2576 352 2632 libras,
364 2576 389 2623 si
400 2591 477 2638 quem,
491 2577 533 2623 cui
545 2583 606 2623 recte
615 2579 771 2635 committam,
786 2577 908 2633 invenero,
919 2577 1007 2624 curabo
1021 2578 1056 2624 ad
1070 2584 1092 2625 te

88 2643 247 2707 perferendas.
282 2640 353 2703 They
364 2640 495 2688 contained
507 2655 540 2687 an
550 2649 655 2689 account
671 2641 701 2688 oi
713 2640 752 2687 his
766 2641 902 2703 sufferings,
916 2641 955 2688 his
966 2640 1030 2688 exile
1040 2642 1090 2689 and

94 2707 178 2756 recall.
211 2707 274 2762 Two
290 2703 353 2752 lines
369 2704 428 2766 only
445 2703 538 2752 remain
556 2703 653 2765 (Quint.
670 2715 699 2752 xl
719 2705 796 2765 1524
810 2705 859 2751 and
877 2716 907 2752 tx
923 2723 939 2766 4
954 2705 967 2763 ἕ
983 2704 1033 2765 4ι),
1048 2704 1091 2752 the

94 2772 190 2819 famous
211 2770 298 2818 cedant
315 2783 388 2815 arma
410 2774 483 2830 togae,
502 2768 612 2816 concedat
632 2768 719 2816 laurea
740 2767 812 2814 laudi
829 2767 880 2816 and
900 2768 1091 2831 osortunatam

94 2841 181 2885 natam
191 2849 229 2882 me
238 2833 333 2882 consule
341 2833 455 2883 Romam.

141 2933 192 2980 M
211 2927 368 2988 stempas]
384 2927 435 2976 ‘sor
446 2928 489 2977 the
499 2925 632 2986 occasion,'
642 2927 692 2976 ‘ior
702 2926 745 2976 the
752 2924 849 2988 nonce‚’
856 2943 896 2991 ep.
904 2926 936 2976 ad
948 2927 1007 2976 sam.
1014 2939 1034 2976 x
1041 2942 1064 2991 9,
1075 2945 1090 2993 3

93 2995 135 3044 ad
143 3001 257 3058 tempus
266 2994 395 3041 consilium
406 2993 511 3055 capiam,
524 2992 579 3040 Liv.
591 3003 684 3041 xxvnt
701 3008 741 3054 4²·
757 3007 770 3052 5
782 2993 835 3040 dux
850 2992 957 3040 rnilitari
971 2993 1091 3057 suffragio

92 3060 131 3108 ad
140 3067 251 3119 tempus
260 3058 342 3114 lectus,
357 3067 391 3102 111
403 3055 443 3118 64,
458 3075 473 3117 4
477 3057 545 3120 farte
553 3057 661 3120 quadam
674 3057 735 3104 utili
744 3057 783 3104 ad
791 3063 914 3121 tempus,
928 3057 982 3107 Cic.
995 3059 1087 3108 deam.

93 3129 106 3186 fi
119 3138 158 3189 53.
193 3122 234 3173 Cf.
246 3119 358 3185 temporis
367 3135 449 3183 causa,
463 3123 476 3182 9
490 3135 518 3186 ya
531 3120 548 3169 l.
561 3135 601 3184 33,
613 3123 627 3180 3
639 3136 669 3184 74
682 3121 698 3171 l.
714 3120 755 3170 πό.
