2406 3788
139 164 195 220 226
411 160 502 220 PRO
532 161 598 220 CN.
622 162 822 222 PLANCIO

621 355 641 403 P

138 488 251 552 Papiria,
263 486 349 546 tribus,
359 487 385 536 in
396 503 445 552 qua
456 486 591 536 Tusculani
603 486 720 550 suffragia
728 485 847 544 serebant,
862 483 893 532 19
906 496 934 532 11

141 571 169 629 Q.
183 567 281 626 Pedius,
303 567 415 616 Caesaris
434 584 464 616 ex
481 583 564 617 sorore
584 583 661 632 nepos
679 575 704 616 et
722 583 737 615 a
754 567 860 615 Caesare
880 565 982 613 coheres
1000 564 1150 616 Octaviano

170 649 282 712 scriptus,
307 660 392 697 auctor
417 649 479 712 legis
500 649 592 698 Pcdiae
612 656 699 699 contra
717 648 769 696 eius
787 647 964 706 interfectores,
986 647 1150 697 aedilitatem

171 729 242 792 petiit
253 745 309 777 cum
320 729 366 779 Cn.
381 729 483 778 Plancio
495 745 517 778 a.
533 745 572 790 54,
586 728 617 779 17
627 745 665 792 33,
678 727 709 776 54
722 731 737 777 8

141 812 209 859 Piso:
227 826 249 859 v.
264 826 282 859 s.
297 811 450 873 Calpurnius

143 894 189 942 Cu.
203 892 329 950 Plancius,
343 900 421 956 pater,
441 907 516 955 eques
536 891 672 949 Romanus,
690 891 805 954 princeps
823 889 1020 953 publicanorum,
1051 888 1086 936 24
1107 905 1148 950 11,

172 971 334 1019 maximarum
352 971 498 1020 societatum
508 978 602 1030 auctor,
622 970 783 1033 plurimarum
800 969 918 1031 magister
933 969 965 1016 32
984 969 1023 1027 18,
1038 969 1150 1019 nimium

173 1053 280 1100 retinens
292 1051 350 1099 iuris
359 1051 477 1114 equestris
489 1058 513 1098 et
524 1050 645 1098 libertatis
657 1049 688 1096 55
704 1063 723 1106 1,
736 1049 788 1097 eius
800 1048 865 1098 filius

144 1133 191 1181 Cu.
205 1133 333 1190 Plancius,
347 1133 415 1180 omni
426 1132 500 1181 laude
510 1132 668 1196 dignissimus
680 1131 703 1190 1,
716 1131 835 1180 oriundus
843 1148 873 1180 ex
881 1130 1033 1196 praefectura
1045 1131 1150 1182 Atinati

175 1212 205 1260 19
222 1214 257 1269 18,
278 1212 303 1259 in
318 1210 466 1259 Macedonia
483 1211 539 1261 trib.
554 1211 606 1260 mil.
621 1220 645 1259 et
657 1220 772 1275 quaestor
787 1210 817 1260 L.
832 1212 953 1276 Appuleii
963 1227 986 1262 a.
1002 1212 1041 1273 58,
1051 1211 1085 1259 28
1098 1226 1149 1275 333

175 1308 197 1340 a.
218 1289 248 1351 56
265 1290 322 1339 trib.
338 1290 373 1354 pl.
387 1291 418 1338 28
431 1293 462 1350 83
478 1307 500 1339 a.
521 1305 550 1352 55
571 1290 724 1339 aedilitatem
742 1290 821 1354 petiit,
840 1307 862 1340 a.
885 1305 915 1352 54
935 1306 991 1338 curn
1008 1290 1040 1339 A.
1062 1290 1150 1338 Plotio

175 1380 270 1421 creatus
286 1380 323 1420 est
340 1380 412 1420 antea
434 1388 449 1420 a
467 1372 581 1420 Iuventio
598 1373 732 1420 Laterense
748 1372 780 1420 de
795 1371 892 1420 ambitu
908 1379 1043 1427 accusatus
1056 1370 1102 1420 sed
1114 1371 1150 1419 ab

177 1455 313 1503 Hortensio
324 1460 349 1502 et
361 1454 481 1503 Cicerone
493 1454 607 1503 defensus
618 1461 643 1501 et
654 1453 783 1501 absolutus
799 1452 946 1501 Ciceronem
960 1453 1103 1503 exulantem
1121 1445 1149 1504 in

176 1535 326 1585 Macedonia
351 1535 458 1598 benigne
484 1542 578 1583 tutatus
605 1545 649 1594 est,
680 1533 712 1584 99
741 1549 791 1594 141
813 1549 876 1581 unus
901 1533 933 1582 de
960 1534 1150 1597 magistratibus

176 1617 290 1666 defensor
304 1617 390 1665 salutis
402 1617 529 1665 Ciceronis
541 1617 572 1665 78
587 1632 615 1677 ¹4

145 1700 178 1745 A.
201 1698 298 1746 Plotius
319 1698 448 1752 Siluanus,
474 1695 643 1744 omatissinrus
667 1694 752 1754 homo,
778 1692 905 1741 familiaris
922 1693 1065 1751 Ciceronis,
1090 1711 1149 1745 cum

178 1780 224 1828 Cn.
246 1778 348 1827 Plancio
366 1794 388 1828 a.
411 1791 439 1838 54
459 1778 547 1827 aedilis
567 1778 644 1826 sactus
662 1785 708 1833 est,
726 1784 826 1840 praetor
842 1775 951 1824 urbanus
966 1790 987 1825 a.
1012 1791 1052 1838 51,
1073 1777 1103 1828 17
1125 1795 1148 1837 1,

177 1860 208 1909 54
221 1862 244 1919 8,
261 1875 288 1922 15

149 1944 194 1992 Cu.
215 1940 345 2005 Pacuuius
364 1941 410 1990 Cn.
423 1939 449 2004 s
469 1941 524 1990 Sex.
547 1957 573 1988 n.
593 1941 712 2003 Magnus,
736 1935 883 1996 ‘triumvir‚'
901 1953 926 1986 11.
939 1953 961 1986 a.
979 1935 1032 1996 106,
1050 1947 1147 1999 auctor,

177 2023 235 2081 dux,
249 2022 363 2071 defensor
379 2021 465 2071 salutis
479 2020 615 2080 Ciceronis,
629 2021 655 2069 in
670 2036 696 2068 re
708 2037 733 2085 p.
751 2019 866 2084 princeps
879 2018 910 2066 99
929 2032 950 2080 7,
969 2018 1099 2068 Ciceronis
1115 2022 1149 2070 ad

178 2120 235 2153 eum
246 2103 352 2167 epistula
363 2103 393 2151 85
408 2118 439 2164 30

147 2186 185 2233 M.
205 2185 309 2233 Porcius
327 2185 387 2232 Cato
406 2183 536 2232 Censorius
551 2180 658 2246 (maior),
676 2197 783 2246 proavus
801 2179 934 2238 Uticensis,
957 2179 1058 2228 Tusculi
1075 2190 1151 2233 natus

179 2280 200 2312 a.
222 2280 277 2325 234,
296 2264 328 2309 20
348 2278 386 2325 33,
406 2264 504 2326 sapiens
521 2263 669 2327 appellatus,
693 2271 776 2310 orator
795 2271 820 2310 et
837 2261 942 2326 scriptor
957 2261 1149 2322 celeberrimus;

179 2346 272 2394 dictum
284 2345 336 2394 eius
348 2345 373 2392 in
388 2345 533 2408 Originibus
544 2344 576 2393 66
591 2343 618 2393 16

147 2428 280 2484 Purencste,
294 2426 352 2473 urbs
369 2425 435 2473 Latii
451 2441 466 2474 a
484 2426 566 2474 Roma
582 2426 702 2474 orientem
719 2441 802 2474 versus
817 2425 843 2473 in
858 2425 983 2474 montibus
1000 2424 1054 2482 sita,
1072 2425 1148 2477 hodie

181 2507 330 2566 Pulcsm'na,
344 2506 397 2554 ludi
408 2507 442 2555 ibi
455 2507 560 2555 instituti
572 2507 622 2570 (ep.
635 2508 667 2555 ad
678 2508 732 2556 Att.
747 2518 788 2554 xu
802 2523 825 2562 2,
838 2507 863 2566 1)
875 2505 905 2553 63
921 2523 951 2556 ro

148 2588 186 2634 M.
204 2587 302 2651 Pupius
318 2588 376 2636 Piso
395 2587 591 2649 Calpurnianus,
609 2586 741 2650 adoptatus
757 2602 772 2634 a
790 2587 826 2636 M.
841 2586 929 2649 Pupio,
946 2586 1023 2635 homo
1045 2587 1148 2638 nobilis·

11 2676 165 2709 ν’*
179 2667 271 2727 simus3
296 2667 322 2717 in
338 2667 471 2717 aedilitatis
488 2666 606 2731 petitione
624 2666 662 2716 M.
682 2666 741 2715 Seio
758 2666 915 2730 posthabitus
931 2666 962 2712 12
982 2667 1021 2722 18,
1038 2681 1149 2715 summos

180 2760 263 2799 tamen
273 2747 381 2796 honores
392 2754 480 2812 postea
490 2747 603 2810 adeptus,
617 2761 666 2795 cos.
680 2761 703 2794 a.
718 2744 746 2794 61
761 2746 792 2793 51
807 2761 817 2794 1

150 2829 248 2884 Puteoli,
272 2827 331 2876 olim
350 2828 504 2890 Δικαιαρχῐα,
527 2826 681 2890 Campaniae
704 2825 843 2890 emporium
859 2825 893 2873 ad
908 2824 989 2874 sinum
1007 2824 1148 2874 Cumanum

181 2927 195 2959 e
217 2908 317 2971 regione
335 2908 425 2957 Miseni
442 2907 613 2972 promuntorii,
632 2905 708 2955 hodie
726 2905 877 2964 Pozzuoli‚
897 2920 912 2952 a
928 2904 1027 2968 puteis
1044 2904 1146 2964 dictum,

181 2991 212 3039 65
225 3004 255 3054 29

631 3143 655 3192 R

151 3274 265 3323 Lucilius
284 3271 403 3332 Racilius,
430 3273 486 3322 trib.
506 3272 541 3336 pl.
564 3289 586 3322 a.
608 3271 646 3335 56,
666 3271 814 3321 fortissimus
830 3279 855 3320 et
871 3269 1084 3320 constantissimus
1104 3271 1149 3332 vir,

185 3354 311 3403 Ciceronis
322 3353 512 3403 studiosissimus
524 3354 554 3403 ‘l'l
566 3370 594 3416 3²
