2406 3788
467 165 622 250 lunari
645 192 671 251 J
1003 207 1058 264 227

57 318 165 377 Rhodes,
186 317 266 367 insula
279 317 355 367 maris
373 317 464 366 interni
482 333 496 366 e
518 317 619 381 regione
634 317 727 382 Lyciae
744 325 769 369 et
786 318 884 380 Cariae,
902 317 1061 368 celeberrima

89 400 176 449 studiis
187 400 343 464 eloquentiae
355 399 386 448 84
402 416 430 461 14

56 483 86 532 P.
108 483 221 530 Rutilius
232 483 318 538 Rufus
334 482 377 545 Sp.
388 482 414 544 f.
430 480 473 544 Sp.
489 495 524 539 n.,
544 478 689 529 adulescens
699 480 797 530 virtutis
812 479 921 543 iurisque
936 480 1061 530 studiosus

89 563 152 612 dirce
173 564 201 613 P.
226 563 311 612 Mucio
336 550 457 613 Scaevola
481 562 523 622 (de
545 562 587 611 ofs.
606 574 628 610 11
646 564 660 622 ἓ
676 564 726 624 47),
753 578 803 612 cos.
822 578 846 612 a.
868 577 921 624 105,
948 565 1061 613 tribunus

89 643 171 707 plebis
187 643 266 692 factus
282 658 332 692 non
349 652 394 703 est,
414 643 522 692 invidiae
539 643 728 707 publicanorum
745 641 860 692 occubuit
877 642 908 689 52
929 658 956 706 ¹3

546 787 563 836 S

58 884 186 934 Sacerdos:
202 899 227 934 v.
239 899 260 933 s.
272 884 387 933 Licinius

57 966 211 1014 Saturnius:
227 982 251 1014 v.
259 980 279 1014 s.
291 967 429 1029 Appuleius

58 1048 185 1097 Scaeuola:
200 1062 224 1098 v.
235 1063 256 1096 s.
267 1049 371 1097 Mucius

58 1129 192 1192 Scipiones:
207 1144 230 1177 v.
242 1144 262 1177 s.
277 1129 405 1177 Cornelius

58 1209 99 1257 M.
121 1208 192 1256 Scias
211 1208 241 1257 L.
259 1208 285 1273 f.
308 1207 334 1257 in
356 1208 459 1256 caritate
477 1223 592 1257 annonae
613 1223 667 1258 asse
688 1209 800 1258 modium
822 1207 916 1275 populo
940 1206 1060 1263 vendidit,

90 1286 178 1335 aedilis
188 1302 212 1337 a.
227 1299 266 1349 74,
278 1286 305 1334 in
315 1287 442 1336 aedilitate
453 1287 561 1351 petenda
572 1287 610 1337 M.
629 1287 713 1337 Pisoni
724 1289 880 1353 praepositus
892 1288 923 1335 12
936 1287 967 1339 26

58 1368 201 1417 Serranus:
216 1384 239 1416 v.
249 1383 270 1416 s.
282 1368 379 1416 Atilius

63 1450 102 1498 Ti.
119 1451 280 1513 Sempronius
298 1448 429 1503 Gracchus,
452 1447 489 1498 Ti.
497 1449 523 1512 f.
536 1450 566 1498 P.
581 1464 618 1508 n.,
637 1449 690 1498 eius
707 1457 810 1499 conatus
826 1457 914 1500 contra
929 1449 1062 1513 optimates

92 1529 121 1580 P.
131 1529 261 1579 Cornelius
274 1528 359 1592 Scipio
371 1528 465 1576 Nasica
477 1529 580 1592 Serapio
589 1531 650 1590 (cos.
666 1531 720 1590 138)
733 1530 809 1579 caede
820 1528 955 1579 vindicavit
966 1544 989 1580 a.
1007 1544 1034 1591 ¹3
1037 1545 1058 1592 3,

92 1609 121 1657 P.
134 1609 219 1656 Mucio
231 1608 366 1657 Scaevolae
378 1607 430 1656 iure
442 1623 528 1656 caesus
538 1608 669 1657 videbatur
679 1610 711 1657 88
723 1624 738 1674 9

59 1690 155 1746 Sicilia,
167 1690 248 1755 prima
259 1688 387 1752 provincia
400 1689 571 1737 Romanorum
582 1689 648 1737 lacta
659 1705 683 1737 a.
696 1705 752 1752 241,
765 1689 797 1740 95
809 1689 824 1738 8

60 1774 131 1828 Sora,
152 1771 217 1819 Latii
242 1770 341 1819 colonia
363 1771 397 1819 ad
420 1770 498 1818 Lirim
521 1771 570 1820 sita
592 1771 689 1835 Arpino
714 1771 811 1832 vicina;
838 1768 935 1819 incolae
958 1769 1057 1828 Sorani,

93 1853 124 1900 22
141 1865 172 1913 25

546 1973 570 2021 'l'

66 2091 204 2149 Terentiam,
216 2090 294 2140 tribus
304 2088 434 2148 rusticana,
448 2087 480 2135 21
495 2103 532 2150 15,
544 2089 576 2136 38
591 2103 610 2148 1,
623 2087 654 2136 43
669 2103 707 2151 15,
720 2085 777 2136 548

65 2175 239 2234 Thessalonica,
259 2172 317 2222 urbs
335 2171 498 2231 Macedoniae
514 2171 547 2219 ad
563 2171 645 2219 sinum
661 2171 845 2230 Thermaicum,
863 2168 907 2219 ubi
924 2167 977 2219 Cic.
991 2167 1059 2218 exsul

92 2265 258 2304 commoratus
271 2261 307 2303 est
323 2253 354 2302 99
368 2267 396 2302 21
504 2244 508 2249 ’

59 2335 165 2385 Marcus
185 2334 384 2391 Tullius'Ciccro,
402 2333 487 2382 scribit
504 2348 620 2382 versuum
636 2331 668 2382 de
685 2331 816 2381 consulatu
832 2330 909 2379 libros
926 2341 961 2378 111
979 2328 1010 2380 74
1022 2344 1062 2392 27,

92 2418 119 2467 in
145 2424 232 2466 senatu
256 2417 317 2466 dicit
344 2423 402 2480 post
426 2416 533 2465 reditum
558 2415 590 2466 74
616 2428 655 2477 27,
687 2414 794 2478 epistula
817 2413 870 2462 eius
892 2413 924 2462 ad
949 2413 1064 2462 Gnaeum

93 2497 240 2559 Pompeium
257 2496 288 2543 85
312 2511 351 2557 30,
377 2497 459 2544 Roma
483 2496 608 2560 profectus
633 2493 664 2543 26
690 2511 727 2554 11,
754 2494 787 2542 86
814 2509 834 2553 1,
863 2493 903 2552 69,
931 2491 1064 2541 Brundisio

92 2577 283 2640 Dyrrhachium,
298 2577 356 2624 inde
368 2577 572 2625 Thessalonicam
588 2575 665 2632 venit,
683 2576 726 2624 ubi
743 2591 783 2639 ap.
804 2575 852 2624 Cn.
872 2573 1001 2622 Plancium
1011 2573 1063 2635 Ap

92 2659 169 2722 puleii
192 2659 312 2723 praetoris
334 2667 491 2721 quaestorem
513 2673 559 2721 per
580 2670 622 2706 vl1
647 2657 738 2706 mensis
761 2663 844 2704 manet
865 2655 985 2714 97-100,
1011 2654 1064 2702 eins

92 2741 120 2790 in
131 2740 216 2790 Sicilia
233 2748 364 2803 quaestura
376 2739 407 2787 64
423 2753 460 2800 15,
473 2747 529 2803 post
540 2739 627 2787 decem
638 2739 688 2787 iam
700 2739 791 2787 mensis
805 2743 934 2785 revocatus
951 2736 1061 2798 Dyrrha·

93 2822 150 2872 chio
167 2820 284 2870 Puteolos
299 2821 367 2870 venit
383 2820 415 2868 65
434 2837 472 2887 29,
491 2819 588 2869 habitat
609 2820 635 2867 in
657 2819 735 2868 oculis
758 2817 888 2866 hominum
908 2815 940 2866 66
959 2830 996 2875 1ο,
1025 2816 1062 2864 M.

93 2903 207 2968 Cispium
223 2902 335 2952 defendit
352 2904 382 2954 75
404 2917 433 2953 10

66 2989 220 3051 Torquatus:
236 3000 259 3033 v.
271 2998 291 3033 s.
303 2985 421 3034 Manlius

62 3069 100 3118 M.
119 3067 216 3115 Tullius
225 3066 329 3125 Deculo,
346 3081 396 3115 cos.
412 3082 434 3116 a.
448 3065 488 3126 81,
503 3064 644 3125 aediliciam
655 3061 780 3127 repulsam
791 3060 848 3110 tulit
860 3060 890 3108 51
904 3073 917 3121 7

65 3148 207 3206 Tusculum,
240 3147 360 3211 oppidum
384 3147 462 3208 Latii,
486 3146 648 3209 municipium
671 3143 868 3208 antiquissimum
892 3142 922 3191 19
948 3138 977 3190 6:
1005 3139 1064 3190 inde

94 3227 236 3277 Tusculani
245 3226 276 3276 19
289 3242 327 3285 11,
343 3227 373 3273 23
386 3243 414 3290 31
